2932 5000
323 383 395 459 360
689 399 959 452 suuorsrrouns
1036 419 1040 440 ι

321 513 361 587 43
382 506 539 569 Schiitzius
559 503 668 565 delevit
688 505 784 577 illam,
805 504 888 586 quod
902 503 1091 566 incommode
1105 505 1267 582 redundet,
1287 523 1316 574 et

362 635 424 676 rem
442 612 625 695 monifirtam
649 611 788 693 intelligit
808 614 922 673 crimffi
943 611 1039 672 Clodii
1061 614 1260 676 manifestum.
1280 619 1318 678 At

361 741 408 782 res
423 720 578 782 manifesta
591 739 653 779 non
676 717 761 779 facile
775 717 940 779 redimitur.
961 718 1161 780 Praetulerim
1176 743 1246 782 cum
1259 724 1318 784 Er—

360 831 473 889 nestio:
495 848 556 886 rem
569 827 651 886 illam
665 824 813 907 manifeste
827 823 1009 907 redemptam
1019 847 1098 898 erse,
1111 827 1172 888 scil.
1184 828 1320 892 iudicium

360 933 445 994 illud.

322 1041 362 1118 44
382 1041 432 1100 Sic
453 1045 568 1102 correxi
589 1041 747 1122 vulgatum
767 1037 881 1100 accedit
900 1039 993 1112 illud,
1014 1040 1097 1121 quod
1115 1044 1255 1124 nuspiam
1276 1065 1321 1104 re·

362 1149 486 1229 peritur.
514 1147 649 1219 Coelius,
670 1168 716 1228 ep.
738 1146 838 1218 CCII,
864 1148 984 1206 acessit
1003 1148 1081 1219 hoc,
1100 1159 1130 1208 et
1149 1147 1231 1208 idem
1262 1150 1321 1211 Cic.

329 1287 332 1292 ·
354 1253 450 1316 diosc.
470 1255 584 1325 Amen,
605 1253 633 1314 6.
653 1254 725 1314 Ero.
746 1264 777 1313 et
797 1251 868 1312 sch·
880 1255 954 1313 tzius
975 1255 1141 1314 omiserunt
1159 1255 1243 1316 illud.

323 1359 363 1437 45
384 1360 433 1420 Sic
454 1361 609 1443 vulgatum
631 1361 703 1420 olim
724 1357 897 1419 etlndenes
910 1339 1122 1440 glodiaton'bus
1142 1364 1271 1422 correxit
1288 1383 1321 1423 ex

363 1470 487 1550 antiquo
509 1490 563 1529 suo
585 1468 747 1548 exemplari
769 1467 930 1526 Victorius.
951 1464 1035 1526 Ludi
1045 1478 1075 1528 et
1086 1465 1264 1545 gladiatores
1277 1472 1323 1530 in—

362 1583 409 1635 ter
430 1596 461 1636 se
481 1575 705 1656 distinguuntur
723 1576 812 1632 etiam
827 1593 885 1654 pro
900 1573 1019 1645 sextio,
1040 1594 1064 1632 c.
1078 1572 1134 1648 503
1155 1585 1185 1635 et
1198 1595 1324 1636 munem

363 1681 565 1762 gladiatorum
586 1679 761 1762 simpliciter
772 1677 950 1760 gladntons
961 1701 981 1738 o
995 1679 1138 1740 Cicerone
1156 1679 1233 1742 alias
1245 1701 1322 1742 sem-

363 1809 417 1869 per
438 1787 588 1848 dicuntur.
1002 1863 1009 1877 1

323 1890 364 1968 46
385 1893 455 1953 Sine
475 1894 538 1973 ullo
559 1893 654 1954 sibilo.
676 1893 746 1956 Vid.
768 1893 832 1955 lnd.
853 1895 919 1954 Lat.

323 1999 361 2078 47
384 1998 433 2057 Sic
452 1998 529 2059 bene
550 1999 677 2073 schlin,
698 1999 782 2080 quod
796 2001 870 2060 olim
882 1999 1039 2082 vulgatum
1053 1988 1143 2062 finisse
1157 2000 1230 2062 dicit
1244 1981 1325 2063 Gru-

363 2115 453 2166 terus.
474 2107 535 2167 Nos
554 2126 631 2188 quae
650 2109 790 2190 nuspiam
810 2108 999 2189 {invenimus
1027 2107 1095 2169 Scil.
1116 2110 1148 2168 in
1176 2131 1255 2190 quise
1274 2132 1326 2172 co-

362 2215 457 2274 mitia.
478 2213 569 2294 Vulg.
590 2216 620 2274 in
638 2231 707 2296 qua.
912 2255 918 2275 Ι
1199 2229 1201 2236 ’

324 2316 364 2394 48
385 2320 421 2378 L.
445 2319 611 2379 Afranium.
627 2320 744 2380 Sehiitz.
763 2321 826 2382 Pro
841 2321 879 2381 A.
894 2323 930 2381 F.
945 2319 995 2382 hic
1015 2331 1046 2382 et
1065 2324 1096 2381 in
1110 2323 1175 2384 aliis
1193 2339 1263 2406 epp.
1275 2325 1329 2386 Li-

363 2427 446 2506 psius
467 2427 538 2507 legit
557 2427 625 2487 AF.
648 2427 724 2487 idest
752 2428 928 2502 Afranium3
949 2429 1021 2490 Ver.
1043 2429 1125 2489 Lect.
1146 2429 1205 2500 ΙΙΙ,
1229 2451 1254 2490 c.
1276 2429 1327 2490 ult.

323 2531 364 2613 49
383 2531 463 2596 Piso.
484 2531 652 2595 Doten'onis
674 2534 819 2595 histrionis
845 2535 962 2594 similis:
991 2534 1032 2594 ob
1052 2554 1207 2596 morosum
1237 2551 1330 2616 genus

363 2638 575 2712 cavillationis,
596 2642 626 2702 i'n
648 2661 709 2722 quo
729 2641 800 2701 Piso
824 2641 903 2701 illius
924 2641 1078 2701 histrionis
1105 2642 1209 2702 similis
1236 2643 1329 2703 fuisse

363 2742 481 2805 dicitur.
504 2746 621 2807 Schiitz.
642 2747 810 2808 Doteriom's
840 2757 885 2808 est
904 2749 1050 2808 correctio
1076 2747 1177 2820 sosii,
1196 2769 1256 2832 pro
1276 2747 1330 2808 de·

365 2853 493 2924 terronis,
521 2853 603 2934 quod
628 2853 738 2936 legitur
767 2856 797 2912 in
827 2853 912 2913 libris
940 2857 1076 2936 scriptis,
1103 2864 1134 2914 et
1158 2852 1332 2928 deterion's,

282 3001 284 3008 -
363 2958 447 3038 ‘quod
467 2961 498 3017 in
520 2958 605 3020 libris
625 2964 746 3021 excusis.
774 2960 867 3036 Herv.
889 2959 1030 3020 deterior:
1049 2962 1074 3020 ir
1094 2963 1122 3020 ln

324 3059 364 3122 50
384 3059 477 3124 Liber
496 3065 606 3128 Fae'nri
627 3085 703 3148 quae
716 3069 747 3127 in
759 3083 784 3129 e.
791 3066 825 3149 f.
841 3089 873 3147 p.
880 3073 891 3142 ,'
912 3066 1176 3155 quoduMalaspina
1190 3067 1331 3130 defendit.

325 3165 360 3224 51
384 3168 490 3229 Lamb.
512 3171 675 3234 siclorum
696 3174 802 3235 edidit:
829 3175 958 3234 alterum
985 3175 1067 3234 cuius
1085 3173 1168 3234 domi
1193 3173 1332 3236 divisores

354 3273 543 3351 ilsubitarent,
562 3299 628 3338 eum
647 3279 787 3340 adversus
806 3302 899 3364 remp.
911 3278 1023 3361 sarem·
1031 3279 1128 3340 videri.
1150 3282 1246 3358 Quod
1266 3283 1332 3364 pla·

364 3391 428 3455 cet;
448 3401 518 3441 uam
540 3385 624 3464 quod
644 3389 746 3458 aiunt,
767 3398 899 3448 extrema
920 3386 1012 3447 verbu
1032 3385 1241 3448 subaudienda
1252 3389 1332 3460 esse,

363 3489 454 3547 nimis
479 3488 589 3549 durum
618 3491 755 3567 videtur3
787 3504 816 3554 et
838 3472 1006 3554 'habitarent
1032 3514 1089 3574 pro
1116 3495 1260 3555 haberent
1288 3497 1331 3556 le·

363 3595 447 3672 gitur
468 3596 498 3654 in
519 3597 620 3658 multis
641 3597 742 3674 libris3
764 3603 819 3660 etsi
844 3601 975 3682 habituve
1001 3599 1083 3660 domi
1104 3600 1230 3662 alicuius
1257 3601 1329 3664 divi-

364 3719 443 3758 sores
463 3723 501 3760 an
522 3705 679 3765 commode
699 3706 756 3766 dici
778 3719 879 3788 posset
899 3709 959 3767 iam
980 3706 1131 3767 dubitavit
1158 3707 1327 3768 Ernestius.

365 3803 464 3866 lmmo
484 3820 514 3869 et
534 3809 585 3869 itta
605 3813 687 3872 citius
707 3803 789 3874 domi
807 3825 851 3874 est
873 3816 1020 3874 correctio
1041 3815 1089 3865 τοῦ
1111 3813 1281 3874 cuiusmodi.

324 3908 363 3968 52
386 3912 605 3996 Corrigendum
627 3929 684 3980 est:
705 3921 754 3982 'I'n
773 3921 815 4002 pt.
837 3922 1037 4000 magistmtum
1057 3921 1245 4003 stimulatque
1257 3921 1326 3980 iniit.
