2834 5012
327 379 379 473 nn
604 371 606 376 Ι
710 418 956 481 inruonvcmo

327 520 554 640 exspectes?
583 522 724 632 Itaque
749 525 834 604 eius
860 523 1046 636 epistolae
1068 537 1184 606 testes
1205 544 1326 610 erunt

210 715 213 726 ⁴
326 680 586 791 sempiternae
615 669 749 784 potius
775 675 1009 788 omnigenae
1035 674 1257 788 diligentiae
1284 694 1322 760 et

326 827 560 912 eruditionis
589 823 733 934 Angeli
760 825 886 923 Maii,
924 853 1046 936 quam
1074 829 1223 940 ingenii
1253 827 1326 911 do·

325 980 555 1085 ctrinaeque
586 971 804 1052 Frontonis
832 973 901 1083 (ι).
1098 979 1102 987 ’

373 1121 459 1203 'Sed
486 1149 570 1202 rem
594 1133 738 1200 -aotam
779 1121 960 1232 agimus,
1003 1126 1076 1233 qui
1118 1123 1327 1221 Ciceronis

289 1263 295 1272 ’
323 1273 506 1387 epistolas
535 1299 655 1381 supra
693 1284 842 1352 ceteras
879 1269 1050 1354 alioruin
1082 1275 1323 1386 scriptorum

324 1425 579 1522 extollimus,
608 1435 727 1531 atque
756 1424 895 1503 uui'oas
923 1420 1104 1506 facimus
1133 1423 1241 1507 Illud
1267 1441 1324 1508 est

323 1574 481 1654 maioris
518 1568 704 1683 ponderis
741 1598 788 1652 ao
827 1574 1045 1672 momenti,
1082 1571 1193 1684 quod
1221 1571 1322 1655 haee

322 1721 520 1833 praeclara
550 1717 830 1800 Tullianoruni
852 1747 1023 1832 operum
1043 1749 1135 1832 pars
1157 1723 1322 1804 institu-

322 1873 466 1969 tiones,
489 1897 639 1970 mores,
659 1872 875 1982 imaginem
902 1867 1075 1981 denique
1103 1875 1246 1956 veteris
1274 1875 1323 1954 il-

320 2023 397 2102 lius
414 2022 549 2102 aetatis
566 2018 753 2102 omnibus
770 2019 951 2132 partibus
967 2020 1189 2104 absolutam
1206 2024 1322 2142 nobis

320 2185 597 2285 repraesentat.
620 2173 703 2278 Qui
732 2170 838 2272 ludi,
867 2177 908 2254 et
927 2172 1133 2284 quomodo
1154 2173 1322 2296 ederen-

320 2337 389 2402 tur
417 2335 580 2433 apparet
604 2347 653 2401 ex
673 2322 835 2433 epistola
858 2321 906 2428 ad
928 2325 1107 2406 Marium
1130 2325 1200 2436 (a),
1222 2353 1324 2436 quo-

320 2468 440 2551 modo
454 2472 624 2551 rationes
642 2469 937 2553 administratae
953 2476 1182 2584 provinciae
1194 2473 1249 2556 ad
1265 2505 1325 2556 ae·

201 2625 203 2632 ’
318 2623 469 2702 rarium
490 2618 752 2722 referrentur,
775 2652 826 2705 ex
845 2623 913 2704 illa
936 2623 986 2706 'ad
998 2627 1243 2707 Mescinium
1252 2627 1325 2740 (3),

360 2870 402 2948 (ι)
424 2869 499 2928 Eius
530 2868 690 2951 epistolae
707 2870 903 2953 amplificatio
925 2893 956 2933 es
986 2883 1056 2932 sunt
1082 2893 1101 2933 a
1125 2878 1324 2956 grammatica

318 2964 467 3047 palaestra
501 2965 675 3046 profectae,
708 2987 770 3026 non
806 2893 927 3061 sermozl
940 2972 1108 3032 amicorum
1142 2967 1322 3035 familiaris:

318 3083 397 3144 quae
418 3061 540 3143 quidem
554 3061 802 3145 amplificationes
822 3067 1005 3149 imaginibus
1025 3069 1206 3152 plenamque
1226 3073 1324 3138 tumi-

317 3159 364 3220 dis
377 3159 548 3234 abundant‚
563 3173 593 3222 et
605 3161 686 3224 falsis
703 3185 933 3248 nonnumquam
947 3169 1235 3230 ratiocinationibus.
1257 3170 1324 3232 Sed

316 3260 392 3317 enim
415 3261 425 3338 (
436 3261 534 3342 lnquit
554 3259 593 3319 ad
613 3261 752 3322 Marcum
773 3264 947 3338 Caesarem,
968 3263 1019 3326 lib.
1039 3269 1068 3340 l,
1094 3270 1179 3349 epist.
1198 3265 1234 3345 4,
1260 3271 1325 3352 epi·

316 3356 424 3416 stolam
445 3357 613 3440 elegantem
643 3372 748 3422 eontra
773 3384 905 3425 somnum
933 3367 960 3426 ei
981 3366 1169 3447 gratulatus)
1198 3388 1324 3450 vespera

230 3441 231 3446 ἵ
315 3454 461 3534 scripsisse
482 3459 587 3530 ceals,
606 3462 808 3542 quumpaulo
826 3474 895 3544 post
917 3461 1096 3525 dormiturus
1115 3486 1207 3524 esses:
1229 3469 1327 3548 igitur

315 3549 556 3636 adpropinquans
576 3569 606 3616 et
624 3558 773 3620 tmnsners
794 3561 844 3623 ubi
860 3582 977 3622 somnus
991 3575 1051 3624 tons
1064 3562 1223 3642 elegantem
1238 3565 1321 3627 hauc

315 3651 468 3730 epistolam
479 3653 562 3732 fecit.

357 3749 397 3826 (α)
420 3749 477 3832 Ep.
499 3751 638 3813 cxxvi.
716 3769 717 3772 κ

356 3848 396 3926 (a)
420 3847 475 3930 Ep,
500 3849 616 3910 acen
