<?xml version="1.0" encoding="UTF-8"?>
<!DOCTYPE html PUBLIC "-//W3C//DTD XHTML 1.0 Transitional//EN"
    "http://www.w3.org/TR/xhtml1/DTD/xhtml1-transitional.dtd">
<html xmlns="http://www.w3.org/1999/xhtml" xml:lang="en" lang="en">
 <head>
  <title>
</title>
<meta http-equiv="Content-Type" content="text/html;charset=utf-8" />
  <meta name='ocr-system' content='tesseract 3.04.00' />
  <meta name='ocr-capabilities' content='ocr_page ocr_carea ocr_par ocr_line ocrx_word'/>
</head>
<body>
  <div class='ocr_page' id='page_1' title='image "./mtulliiciceroni76cicegoog/mtulliiciceroni76cicegoog_0379.png"; bbox 0 0 2924 5002; ppageno 0'>
   <div class='ocr_carea' id='block_1_1' title="bbox 333 407 963 500">
    <p class='ocr_par' dir='ltr' id='par_1_1' title="bbox 333 407 963 500">
     <span class='ocr_line' id='line_1_1' title="bbox 333 407 963 500; baseline 0 -20"><span class='ocrx_word' id='word_1_1' title='bbox 333 407 403 500; x_wconf 70' lang='lat'><strong>348</strong></span> <span class='ocrx_word' id='word_1_2' title='bbox 696 428 963 480; x_wconf 75' lang='lat' dir='ltr'><strong>tunortrrouas</strong></span> 
     </span>
    </p>
   </div>
   <div class='ocr_carea' id='block_1_2' title="bbox 266 531 1418 4022">
    <p class='ocr_par' dir='ltr' id='par_1_2' title="bbox 331 531 1321 931">
     <span class='ocr_line' id='line_1_2' title="bbox 331 531 1319 620; baseline 0.008 -30"><span class='ocrx_word' id='word_1_3' title='bbox 331 535 366 610; x_wconf 70' lang='lat'><strong>14</strong></span> <span class='ocrx_word' id='word_1_4' title='bbox 386 533 409 592; x_wconf 91' lang='lat' dir='ltr'><strong>l.</strong></span> <span class='ocrx_word' id='word_1_5' title='bbox 431 554 455 593; x_wconf 88' lang='lat' dir='ltr'><strong>e.</strong></span> <span class='ocrx_word' id='word_1_6' title='bbox 476 535 508 591; x_wconf 89' lang='lat' dir='ltr'><strong>in</strong></span> <span class='ocrx_word' id='word_1_7' title='bbox 528 531 644 612; x_wconf 89' lang='lat' dir='ltr'><strong>agendo</strong></span> <span class='ocrx_word' id='word_1_8' title='bbox 665 553 724 592; x_wconf 90' lang='lat' dir='ltr'><strong>non</strong></span> <span class='ocrx_word' id='word_1_9' title='bbox 746 543 790 592; x_wconf 89' lang='lat' dir='ltr'><strong>est</strong></span> <span class='ocrx_word' id='word_1_10' title='bbox 810 553 879 592; x_wconf 92' lang='lat' dir='ltr'><strong>cum</strong></span> <span class='ocrx_word' id='word_1_11' title='bbox 894 553 957 615; x_wconf 86' lang='lat' dir='ltr'><strong>rep.</strong></span> <span class='ocrx_word' id='word_1_12' title='bbox 973 535 1164 610; x_wconf 82' lang='lat' dir='ltr'><strong>coniunctus3</strong></span> <span class='ocrx_word' id='word_1_13' title='bbox 1178 531 1240 596; x_wconf 89' lang='lat' dir='ltr'><strong>non</strong></span> <span class='ocrx_word' id='word_1_14' title='bbox 1255 558 1319 620; x_wconf 90' lang='lat' dir='ltr'><strong>spe-</strong></span> 
     </span>
     <span class='ocr_line' id='line_1_3' title="bbox 366 639 1320 720; baseline 0.005 -21"><span class='ocrx_word' id='word_1_15' title='bbox 366 650 427 701; x_wconf 89' lang='lat' dir='ltr'><strong>ctat</strong></span> <span class='ocrx_word' id='word_1_16' title='bbox 447 639 605 700; x_wconf 83' lang='lat' dir='ltr'><strong>utilitatem</strong></span> <span class='ocrx_word' id='word_1_17' title='bbox 626 641 699 720; x_wconf 88' lang='lat' dir='ltr'><strong>reip.</strong></span> <span class='ocrx_word' id='word_1_18' title='bbox 720 639 792 699; x_wconf 85' lang='lat' dir='ltr'><strong>Em.</strong></span> <span class='ocrx_word' id='word_1_19' title='bbox 818 639 905 699; x_wconf 85' lang='lat' dir='ltr'><strong>Amb‘.</strong></span> <span class='ocrx_word' id='word_1_20' title='bbox 932 639 966 699; x_wconf 88' lang='lat'><strong>16</strong></span> <span class='ocrx_word' id='word_1_21' title='bbox 992 641 1072 701; x_wconf 79' lang='lat' dir='ltr'><strong>Nihil</strong></span> <span class='ocrx_word' id='word_1_22' title='bbox 1097 661 1205 720; x_wconf 65' lang='lat' dir='ltr'><strong>agensj</strong></span> <span class='ocrx_word' id='word_1_23' title='bbox 1224 647 1320 704; x_wconf 83' lang='lat' dir='ltr'><strong>seiun-</strong></span> 
     </span>
     <span class='ocr_line' id='line_1_4' title="bbox 365 746 1321 830; baseline 0.007 -26"><span class='ocrx_word' id='word_1_24' title='bbox 365 749 478 806; x_wconf 77' lang='lat' dir='ltr'><strong>clusin</strong></span> <span class='ocrx_word' id='word_1_25' title='bbox 497 767 528 804; x_wconf 86' lang='lat' dir='ltr'><strong>re</strong></span> <span class='ocrx_word' id='word_1_26' title='bbox 551 767 582 826; x_wconf 86' lang='lat' dir='ltr'><strong>p.</strong></span> <span class='ocrx_word' id='word_1_27' title='bbox 603 747 640 804; x_wconf 84' lang='lat' dir='ltr'><strong>ab</strong></span> <span class='ocrx_word' id='word_1_28' title='bbox 667 747 869 827; x_wconf 81' lang='lat' dir='ltr'><strong>optimatibus,</strong></span> <span class='ocrx_word' id='word_1_29' title='bbox 895 746 976 826; x_wconf 78' lang='lat' dir='ltr'><strong>quod</strong></span> <span class='ocrx_word' id='word_1_30' title='bbox 997 758 1099 808; x_wconf 88' lang='lat' dir='ltr'><strong>tamen</strong></span> <span class='ocrx_word' id='word_1_31' title='bbox 1127 770 1188 809; x_wconf 85' lang='lat' dir='ltr'><strong>nou</strong></span> <span class='ocrx_word' id='word_1_32' title='bbox 1208 750 1321 830; x_wconf 77' lang='lat' dir='ltr'><strong>plaeet3</strong></span> 
     </span>
     <span class='ocr_line' id='line_1_5' title="bbox 365 851 1034 931; baseline 0.001 -22"><span class='ocrx_word' id='word_1_33' title='bbox 365 851 488 912; x_wconf 81' lang='lat' dir='ltr'><strong>Gothof.</strong></span> <span class='ocrx_word' id='word_1_34' title='bbox 510 874 537 912; x_wconf 83' lang='grc' dir='ltr'><strong>η.</strong></span> <span class='ocrx_word' id='word_1_35' title='bbox 558 872 646 931; x_wconf 81' lang='lat' dir='ltr'><strong>agens</strong></span> <span class='ocrx_word' id='word_1_36' title='bbox 666 853 695 910; x_wconf 84' lang='lat' dir='ltr'><strong>in</strong></span> <span class='ocrx_word' id='word_1_37' title='bbox 715 851 737 910; x_wconf 86' lang='lat' dir='ltr'><strong>r.</strong></span> <span class='ocrx_word' id='word_1_38' title='bbox 1031 853 1034 859; x_wconf 84' lang='lat'>&#39;</span> 
     </span>
    </p>

    <p class='ocr_par' dir='ltr' id='par_1_3' title="bbox 330 957 1320 1144">
     <span class='ocr_line' id='line_1_6' title="bbox 330 957 1320 1044; baseline 0.008 -28"><span class='ocrx_word' id='word_1_39' title='bbox 330 957 365 1017; x_wconf 84' lang='lat'><strong>15</strong></span> <span class='ocrx_word' id='word_1_40' title='bbox 386 958 423 1016; x_wconf 91' lang='lat' dir='ltr'><strong>H.</strong></span> <span class='ocrx_word' id='word_1_41' title='bbox 435 979 459 1018; x_wconf 93' lang='lat' dir='ltr'><strong>e.</strong></span> <span class='ocrx_word' id='word_1_42' title='bbox 475 960 682 1040; x_wconf 84' lang='lat' dir='ltr'><strong>optimatium,</strong></span> <span class='ocrx_word' id='word_1_43' title='bbox 694 957 858 1034; x_wconf 81' lang='lat' dir='ltr'><strong>nobilium3</strong></span> <span class='ocrx_word' id='word_1_44' title='bbox 873 958 955 1040; x_wconf 88' lang='lat' dir='ltr'><strong>quod</strong></span> <span class='ocrx_word' id='word_1_45' title='bbox 967 979 1085 1043; x_wconf 88' lang='lat' dir='ltr'><strong>semper</strong></span> <span class='ocrx_word' id='word_1_46' title='bbox 1095 960 1320 1044; x_wconf 89' lang='lat' dir='ltr'><strong>intelligendum</strong></span> 
     </span>
     <span class='ocr_line' id='line_1_7' title="bbox 363 1066 818 1144; baseline 0.007 -21"><span class='ocrx_word' id='word_1_47' title='bbox 363 1075 407 1124; x_wconf 89' lang='lat' dir='ltr'><strong>est</strong></span> <span class='ocrx_word' id='word_1_48' title='bbox 428 1068 545 1144; x_wconf 89' lang='lat' dir='ltr'><strong>quoties</strong></span> <span class='ocrx_word' id='word_1_49' title='bbox 566 1066 656 1125; x_wconf 80' lang='lat' dir='ltr'><strong>bonor</strong></span> <span class='ocrx_word' id='word_1_50' title='bbox 674 1068 818 1127; x_wconf 88' lang='lat' dir='ltr'><strong>nominat.</strong></span> 
     </span>
    </p>

    <p class='ocr_par' dir='ltr' id='par_1_4' title="bbox 266 1169 1322 1350">
     <span class='ocr_line' id='line_1_8' title="bbox 266 1169 1322 1258; baseline 0.01 -33"><span class='ocrx_word' id='word_1_51' title='bbox 266 1189 268 1196; x_wconf 68' lang='grc'>’</span> <span class='ocrx_word' id='word_1_52' title='bbox 300 1172 302 1176; x_wconf 79' lang='grc'>’</span> <span class='ocrx_word' id='word_1_53' title='bbox 329 1169 449 1230; x_wconf 84' lang='lat' dir='ltr'><strong>16B0s.</strong></span> <span class='ocrx_word' id='word_1_54' title='bbox 476 1171 575 1230; x_wconf 84' lang='lat' dir='ltr'><strong>Baluz.</strong></span> <span class='ocrx_word' id='word_1_55' title='bbox 604 1172 676 1252; x_wconf 85' lang='lat' dir='ltr'><strong>quin</strong></span> <span class='ocrx_word' id='word_1_56' title='bbox 703 1193 780 1232; x_wconf 81' lang='lat' dir='ltr'><strong>nunc</strong></span> <span class='ocrx_word' id='word_1_57' title='bbox 812 1173 929 1248; x_wconf 72' lang='lat' dir='ltr'><strong>leviter,</strong></span> <span class='ocrx_word' id='word_1_58' title='bbox 954 1172 1063 1234; x_wconf 85' lang='lat' dir='ltr'><strong>Ambb.</strong></span> <span class='ocrx_word' id='word_1_59' title='bbox 1096 1172 1130 1234; x_wconf 83' lang='lat'><strong>16</strong></span> <span class='ocrx_word' id='word_1_60' title='bbox 1156 1185 1245 1255; x_wconf 73' lang='lat' dir='ltr'><strong>elr¹7</strong></span> <span class='ocrx_word' id='word_1_61' title='bbox 1272 1179 1322 1258; x_wconf 76' lang='lat' dir='ltr'><strong>qui</strong></span> 
     </span>
     <span class='ocr_line' id='line_1_9' title="bbox 357 1279 479 1350; baseline 0 -14"><span class='ocrx_word' id='word_1_62' title='bbox 357 1297 441 1350; x_wconf 73' lang='lat' dir='ltr'><strong>¹nuuc</strong></span> <span class='ocrx_word' id='word_1_63' title='bbox 461 1279 479 1337; x_wconf 87' lang='lat' dir='ltr'><strong>l.</strong></span> 
     </span>
    </p>

    <p class='ocr_par' dir='ltr' id='par_1_5' title="bbox 328 1383 1321 1994">
     <span class='ocr_line' id='line_1_10' title="bbox 328 1383 1319 1468; baseline 0.006 -26"><span class='ocrx_word' id='word_1_64' title='bbox 328 1403 361 1464; x_wconf 86' lang='lat'><strong>¹7</strong></span> <span class='ocrx_word' id='word_1_65' title='bbox 383 1384 475 1460; x_wconf 87' lang='lat' dir='ltr'><strong>Quod</strong></span> <span class='ocrx_word' id='word_1_66' title='bbox 501 1383 591 1444; x_wconf 88' lang='lat' dir='ltr'><strong>semel</strong></span> <span class='ocrx_word' id='word_1_67' title='bbox 622 1388 811 1465; x_wconf 85' lang='lat' dir='ltr'><strong>inquinatum</strong></span> <span class='ocrx_word' id='word_1_68' title='bbox 833 1397 877 1448; x_wconf 90' lang='lat' dir='ltr'><strong>est</strong></span> <span class='ocrx_word' id='word_1_69' title='bbox 906 1401 1005 1468; x_wconf 82' lang='lat' dir='ltr'><strong>serpat</strong></span> <span class='ocrx_word' id='word_1_70' title='bbox 1034 1388 1161 1467; x_wconf 74' lang='lat' dir='ltr'><strong>longiae,</strong></span> <span class='ocrx_word' id='word_1_71' title='bbox 1191 1398 1222 1447; x_wconf 87' lang='lat' dir='ltr'><strong>et</strong></span> <span class='ocrx_word' id='word_1_72' title='bbox 1253 1387 1319 1448; x_wconf 88' lang='lat' dir='ltr'><strong>infi-</strong></span> 
     </span>
     <span class='ocr_line' id='line_1_11' title="bbox 362 1488 1318 1575; baseline 0.006 -27"><span class='ocrx_word' id='word_1_73' title='bbox 362 1493 422 1549; x_wconf 87' lang='lat' dir='ltr'><strong>ciat</strong></span> <span class='ocrx_word' id='word_1_74' title='bbox 440 1491 592 1550; x_wconf 80' lang='lat' dir='ltr'><strong>ulteriora.</strong></span> <span class='ocrx_word' id='word_1_75' title='bbox 614 1491 744 1564; x_wconf 79' lang='lat' dir='ltr'><strong>Vereor,</strong></span> <span class='ocrx_word' id='word_1_76' title='bbox 765 1514 803 1552; x_wconf 90' lang='lat' dir='ltr'><strong>ne</strong></span> <span class='ocrx_word' id='word_1_77' title='bbox 824 1491 939 1552; x_wconf 88' lang='lat' dir='ltr'><strong>malum</strong></span> <span class='ocrx_word' id='word_1_78' title='bbox 965 1488 1029 1554; x_wconf 71' lang='lat' dir='ltr'><strong>vix&#39;</strong></span> <span class='ocrx_word' id='word_1_79' title='bbox 1044 1495 1216 1575; x_wconf 91' lang='lat' dir='ltr'><strong>incoeptum</strong></span> <span class='ocrx_word' id='word_1_80' title='bbox 1240 1494 1318 1554; x_wconf 90' lang='lat' dir='ltr'><strong>ultra</strong></span> 
     </span>
     <span class='ocr_line' id='line_1_12' title="bbox 361 1597 1319 1681; baseline 0.005 -26"><span class='ocrx_word' id='word_1_81' title='bbox 361 1597 583 1678; x_wconf 83' lang='lat' dir='ltr'><strong>progrediatur.</strong></span> <span class='ocrx_word' id='word_1_82' title='bbox 605 1599 674 1657; x_wconf 89' lang='lat' dir='ltr'><strong>Scil.</strong></span> <span class='ocrx_word' id='word_1_83' title='bbox 695 1620 734 1658; x_wconf 91' lang='lat' dir='ltr'><strong>ne</strong></span> <span class='ocrx_word' id='word_1_84' title='bbox 753 1599 825 1658; x_wconf 90' lang='lat' dir='ltr'><strong>Piso</strong></span> <span class='ocrx_word' id='word_1_85' title='bbox 846 1599 975 1659; x_wconf 85' lang='lat' dir='ltr'><strong>scabiem</strong></span> <span class='ocrx_word' id='word_1_86' title='bbox 994 1619 1079 1659; x_wconf 88' lang='lat' dir='ltr'><strong>suam</strong></span> <span class='ocrx_word' id='word_1_87' title='bbox 1093 1600 1226 1681; x_wconf 80' lang='lat' dir='ltr'><strong>collegae</strong></span> <span class='ocrx_word' id='word_1_88' title='bbox 1239 1602 1319 1660; x_wconf 83' lang='lat' dir='ltr'><strong>allri-</strong></span> 
     </span>
     <span class='ocr_line' id='line_1_13' title="bbox 362 1704 1319 1788; baseline 0.007 -26"><span class='ocrx_word' id='word_1_89' title='bbox 362 1714 416 1763; x_wconf 89' lang='lat' dir='ltr'><strong>cet.</strong></span> <span class='ocrx_word' id='word_1_90' title='bbox 438 1704 523 1763; x_wconf 89' lang='lat' dir='ltr'><strong>Hanc</strong></span> <span class='ocrx_word' id='word_1_91' title='bbox 544 1705 665 1765; x_wconf 82' lang='lat' dir='ltr'><strong>Graevii</strong></span> <span class='ocrx_word' id='word_1_92' title='bbox 686 1708 962 1787; x_wconf 69' lang='lat' dir='ltr'><strong>interpretationem</strong></span> <span class='ocrx_word' id='word_1_93' title='bbox 983 1727 1086 1766; x_wconf 87' lang='lat' dir='ltr'><strong>veram</strong></span> <span class='ocrx_word' id='word_1_94' title='bbox 1108 1728 1169 1766; x_wconf 91' lang='lat' dir='ltr'><strong>esse</strong></span> <span class='ocrx_word' id='word_1_95' title='bbox 1188 1706 1319 1788; x_wconf 90' lang='lat' dir='ltr'><strong>probant</strong></span> 
     </span>
     <span class='ocr_line' id='line_1_14' title="bbox 360 1809 1321 1893; baseline 0.008 -26"><span class='ocrx_word' id='word_1_96' title='bbox 360 1809 412 1868; x_wconf 85' lang='lat' dir='ltr'><strong>illa</strong></span> <span class='ocrx_word' id='word_1_97' title='bbox 432 1832 509 1891; x_wconf 90' lang='lat' dir='ltr'><strong>quae</strong></span> <span class='ocrx_word' id='word_1_98' title='bbox 529 1823 708 1891; x_wconf 87' lang='lat' dir='ltr'><strong>sequuntur:</strong></span> <span class='ocrx_word' id='word_1_99' title='bbox 730 1833 830 1872; x_wconf 83' lang='lat' dir='ltr'><strong>vereor</strong></span> <span class='ocrx_word' id='word_1_100' title='bbox 857 1835 892 1872; x_wconf 85' lang='lat' dir='ltr'><strong>ne</strong></span> <span class='ocrx_word' id='word_1_101' title='bbox 921 1815 993 1872; x_wconf 75' lang='lat' dir='ltr'><strong>hoec</strong></span> <span class='ocrx_word' id='word_1_102' title='bbox 1008 1859 1015 1872; x_wconf 93' lang='lat'><strong>.</strong></span> <span class='ocrx_word' id='word_1_103' title='bbox 1031 1856 1060 1872; x_wconf 86' lang='lat'><strong>..</strong></span> <span class='ocrx_word' id='word_1_104' title='bbox 1081 1833 1254 1893; x_wconf 71' lang='lat' dir='ltr'><strong>aengannim</strong></span> <span class='ocrx_word' id='word_1_105' title='bbox 1279 1818 1321 1875; x_wconf 80' lang='lat' dir='ltr'><strong>rei</strong></span> 
     </span>
     <span class='ocr_line' id='line_1_15' title="bbox 357 1914 1207 1994; baseline 0.008 -22"><span class='ocrx_word' id='word_1_106' title='bbox 357 1914 445 1994; x_wconf 78' lang='lat' dir='ltr'><strong>publ.</strong></span> <span class='ocrx_word' id='word_1_107' title='bbox 461 1917 609 1977; x_wconf 85' lang='lat' dir='ltr'><strong>malorum</strong></span> <span class='ocrx_word' id='word_1_108' title='bbox 629 1938 721 1977; x_wconf 83' lang='lat' dir='ltr'><strong>causa</strong></span> <span class='ocrx_word' id='word_1_109' title='bbox 740 1921 805 1978; x_wconf 85' lang='lat' dir='ltr'><strong>sint.</strong></span> <span class='ocrx_word' id='word_1_110' title='bbox 1199 1947 1207 1961; x_wconf 84' lang='lat'><em>·</em></span> 
     </span>
    </p>

    <p class='ocr_par' dir='ltr' id='par_1_6' title="bbox 325 2019 1418 3064">
     <span class='ocr_line' id='line_1_16' title="bbox 325 2019 1318 2105; baseline 0.008 -27"><span class='ocrx_word' id='word_1_111' title='bbox 325 2019 360 2080; x_wconf 80' lang='lat'><strong>18</strong></span> <span class='ocrx_word' id='word_1_112' title='bbox 380 2022 442 2097; x_wconf 84' lang='lat' dir='ltr'><strong>Qui</strong></span> <span class='ocrx_word' id='word_1_113' title='bbox 457 2033 521 2082; x_wconf 87' lang='lat' dir='ltr'><strong>tum</strong></span> <span class='ocrx_word' id='word_1_114' title='bbox 535 2034 709 2104; x_wconf 84' lang='lat' dir='ltr'><strong>praeturam</strong></span> <span class='ocrx_word' id='word_1_115' title='bbox 724 2023 856 2105; x_wconf 81' lang='lat' dir='ltr'><strong>gerebat.</strong></span> <span class='ocrx_word' id='word_1_116' title='bbox 870 2026 930 2084; x_wconf 91' lang='lat' dir='ltr'><strong>Dio</strong></span> <span class='ocrx_word' id='word_1_117' title='bbox 945 2027 1114 2097; x_wconf 81' lang='lat' dir='ltr'>XXXVII,</span> <span class='ocrx_word' id='word_1_118' title='bbox 1134 2027 1187 2103; x_wconf 72' lang='lat'><strong>45:</strong></span> <span class='ocrx_word' id='word_1_119' title='bbox 1210 2057 1227 2082; x_wconf 85' lang='grc' dir='ltr'><strong>ιι</strong></span> <span class='ocrx_word' id='word_1_120' title='bbox 1240 2027 1318 2087; x_wconf 88' lang='lat' dir='ltr'><strong>lote-</strong></span> 
     </span>
     <span class='ocr_line' id='line_1_17' title="bbox 362 2129 1321 2214; baseline 0.01 -32"><span class='ocrx_word' id='word_1_121' title='bbox 362 2155 379 2182; x_wconf 88' lang='grc' dir='ltr'><strong>ιι</strong></span> <span class='ocrx_word' id='word_1_122' title='bbox 399 2130 458 2188; x_wconf 88' lang='lat' dir='ltr'><strong>rim</strong></span> <span class='ocrx_word' id='word_1_123' title='bbox 472 2129 506 2188; x_wconf 89' lang='lat' dir='ltr'><strong>P.</strong></span> <span class='ocrx_word' id='word_1_124' title='bbox 529 2129 653 2190; x_wconf 88' lang='lat' dir='ltr'><strong>Clodius</strong></span> <span class='ocrx_word' id='word_1_125' title='bbox 675 2130 810 2191; x_wconf 88' lang='lat' dir='ltr'><strong>Caesaris</strong></span> <span class='ocrx_word' id='word_1_126' title='bbox 832 2135 1006 2213; x_wconf 86' lang='lat' dir='ltr'><strong>coniugem,</strong></span> <span class='ocrx_word' id='word_1_127' title='bbox 1027 2133 1117 2214; x_wconf 91' lang='lat' dir='ltr'><strong>idque</strong></span> <span class='ocrx_word' id='word_1_128' title='bbox 1138 2133 1222 2194; x_wconf 88' lang='lat' dir='ltr'><strong>dorni</strong></span> <span class='ocrx_word' id='word_1_129' title='bbox 1243 2136 1321 2205; x_wconf 90' lang='lat' dir='ltr'><strong>eius,</strong></span> 
     </span>
     <span class='ocr_line' id='line_1_18' title="bbox 362 2237 1319 2322; baseline 0.011 -34"><span class='ocrx_word' id='word_1_130' title='bbox 362 2261 378 2289; x_wconf 87' lang='grc' dir='ltr'><strong>ιι</strong></span> <span class='ocrx_word' id='word_1_131' title='bbox 400 2237 478 2296; x_wconf 83' lang='lat' dir='ltr'><strong>inter</strong></span> <span class='ocrx_word' id='word_1_132' title='bbox 499 2257 598 2308; x_wconf 87' lang='lat' dir='ltr'><strong>sacra,</strong></span> <span class='ocrx_word' id='word_1_133' title='bbox 619 2259 697 2318; x_wconf 87' lang='lat' dir='ltr'><strong>quae</strong></span> <span class='ocrx_word' id='word_1_134' title='bbox 710 2237 862 2310; x_wconf 84' lang='lat' dir='ltr'><strong>Vestales,</strong></span> <span class='ocrx_word' id='word_1_135' title='bbox 889 2240 971 2320; x_wconf 93' lang='lat' dir='ltr'><strong>apud</strong></span> <span class='ocrx_word' id='word_1_136' title='bbox 999 2241 1135 2300; x_wconf 91' lang='lat' dir='ltr'><strong>consules</strong></span> <span class='ocrx_word' id='word_1_137' title='bbox 1148 2251 1178 2299; x_wconf 93' lang='lat' dir='ltr'><strong>et</strong></span> <span class='ocrx_word' id='word_1_138' title='bbox 1198 2251 1319 2322; x_wconf 85' lang='lat' dir='ltr'><strong>praeto-</strong></span> 
     </span>
     <span class='ocr_line' id='line_1_19' title="bbox 362 2342 1319 2413; baseline 0.01 -17"><span class='ocrx_word' id='word_1_139' title='bbox 362 2368 379 2396; x_wconf 79' lang='grc' dir='ltr'><strong>ιι</strong></span> <span class='ocrx_word' id='word_1_140' title='bbox 399 2363 464 2413; x_wconf 91' lang='lat' dir='ltr'><strong>res,</strong></span> <span class='ocrx_word' id='word_1_141' title='bbox 485 2342 626 2403; x_wconf 91' lang='lat' dir='ltr'><strong>omnibus</strong></span> <span class='ocrx_word' id='word_1_142' title='bbox 646 2343 782 2404; x_wconf 89' lang='lat' dir='ltr'><strong>maribus</strong></span> <span class='ocrx_word' id='word_1_143' title='bbox 803 2366 889 2405; x_wconf 93' lang='lat' dir='ltr'><strong>more</strong></span> <span class='ocrx_word' id='word_1_144' title='bbox 905 2349 1056 2406; x_wconf 87' lang='lat' dir='ltr'><strong>maiorum</strong></span> <span class='ocrx_word' id='word_1_145' title='bbox 1072 2349 1222 2406; x_wconf 88' lang='lat' dir='ltr'><strong>inaccessa</strong></span> <span class='ocrx_word' id='word_1_146' title='bbox 1243 2345 1319 2406; x_wconf 89' lang='lat' dir='ltr'><strong>cele-</strong></span> 
     </span>
     <span class='ocr_line' id='line_1_20' title="bbox 361 2446 1321 2530; baseline 0.006 -24"><span class='ocrx_word' id='word_1_147' title='bbox 361 2473 378 2502; x_wconf 81' lang='grc' dir='ltr'><strong>ιι</strong></span> <span class='ocrx_word' id='word_1_148' title='bbox 399 2446 488 2508; x_wconf 87' lang='lat' dir='ltr'><strong>brare</strong></span> <span class='ocrx_word' id='word_1_149' title='bbox 502 2449 655 2522; x_wconf 89' lang='lat' dir='ltr'><strong>solebant,</strong></span> <span class='ocrx_word' id='word_1_150' title='bbox 668 2453 793 2511; x_wconf 90' lang='lat' dir='ltr'><strong>vitiavit.</strong></span> <span class='ocrx_word' id='word_1_151' title='bbox 806 2477 822 2505; x_wconf 72' lang='lat' dir='ltr'><strong>a</strong></span> <span class='ocrx_word' id='word_1_152' title='bbox 845 2452 967 2512; x_wconf 83' lang='lat' dir='ltr'><strong>Rectius</strong></span> <span class='ocrx_word' id='word_1_153' title='bbox 980 2453 1161 2512; x_wconf 83' lang='lat' dir='ltr'><strong>Plutarchus</strong></span> <span class='ocrx_word' id='word_1_154' title='bbox 1178 2454 1223 2530; x_wconf 86' lang='lat' dir='ltr'><strong>(in</strong></span> <span class='ocrx_word' id='word_1_155' title='bbox 1238 2453 1321 2512; x_wconf 88' lang='lat' dir='ltr'><strong>Caes.</strong></span> 
     </span>
     <span class='ocr_line' id='line_1_21' title="bbox 357 2555 1319 2640; baseline 0.004 -27"><span class='ocrx_word' id='word_1_156' title='bbox 357 2574 387 2634; x_wconf 92' lang='lat' dir='ltr'><strong>p.</strong></span> <span class='ocrx_word' id='word_1_157' title='bbox 401 2557 471 2634; x_wconf 80' lang='lat'><strong>71¹)</strong></span> <span class='ocrx_word' id='word_1_158' title='bbox 487 2557 615 2616; x_wconf 87' lang='lat' dir='ltr'><strong>consulis</strong></span> <span class='ocrx_word' id='word_1_159' title='bbox 636 2560 815 2638; x_wconf 90' lang='lat' dir='ltr'><strong>apraetoris</strong></span> <span class='ocrx_word' id='word_1_160' title='bbox 835 2555 927 2618; x_wconf 91' lang='lat' dir='ltr'><strong>domo</strong></span> <span class='ocrx_word' id='word_1_161' title='bbox 945 2559 1145 2631; x_wconf 83' lang='lat' dir='ltr'><strong>discriminat,</strong></span> <span class='ocrx_word' id='word_1_162' title='bbox 1165 2562 1319 2640; x_wconf 84' lang='lat' dir='ltr'><strong>inquiens:</strong></span> 
     </span>
     <span class='ocr_line' id='line_1_22' title="bbox 360 2642 1320 2736; baseline 0.004 -15"><span class='ocrx_word' id='word_1_163' title='bbox 360 2655 378 2714; x_wconf 65' lang='grc' dir='ltr'><strong>ἐι</strong></span> <span class='ocrx_word' id='word_1_164' title='bbox 399 2659 461 2721; x_wconf 93' lang='lat' dir='ltr'><strong>Vbi</strong></span> <span class='ocrx_word' id='word_1_165' title='bbox 479 2661 570 2722; x_wconf 89' lang='lat' dir='ltr'><strong>festus</strong></span> <span class='ocrx_word' id='word_1_166' title='bbox 591 2661 654 2722; x_wconf 88' lang='lat' dir='ltr'><strong>dies</strong></span> <span class='ocrx_word' id='word_1_167' title='bbox 675 2665 765 2724; x_wconf 89' lang='lat' dir='ltr'><strong>instat</strong></span> <span class='ocrx_word' id='word_1_168' title='bbox 785 2642 955 2724; x_wconf 81' lang='lat' dir='ltr'><strong>celebratur</strong></span> <span class='ocrx_word' id='word_1_169' title='bbox 975 2668 1006 2724; x_wconf 89' lang='lat' dir='ltr'><strong>in</strong></span> <span class='ocrx_word' id='word_1_170' title='bbox 1027 2665 1151 2725; x_wconf 89' lang='lat' dir='ltr'><strong>aedibus</strong></span> <span class='ocrx_word' id='word_1_171' title='bbox 1173 2664 1320 2736; x_wconf 87' lang='lat' dir='ltr'><strong>consulis,</strong></span> 
     </span>
     <span class='ocr_line' id='line_1_23' title="bbox 361 2752 1418 2855; baseline 0.009 -31"><span class='ocrx_word' id='word_1_172' title='bbox 361 2791 379 2820; x_wconf 81' lang='grc' dir='ltr'><strong>ιι</strong></span> <span class='ocrx_word' id='word_1_173' title='bbox 398 2767 445 2826; x_wconf 92' lang='lat' dir='ltr'><strong>vel</strong></span> <span class='ocrx_word' id='word_1_174' title='bbox 467 2752 629 2849; x_wconf 73' lang='lat' dir='ltr'><strong>praetoris3</strong></span> <span class='ocrx_word' id='word_1_175' title='bbox 642 2793 658 2822; x_wconf 73' lang='lat' dir='ltr'><strong>a</strong></span> <span class='ocrx_word' id='word_1_176' title='bbox 679 2777 874 2848; x_wconf 70' lang='grc' dir='ltr'><strong>ὑπατεύοντος,</strong></span> <span class='ocrx_word' id='word_1_177' title='bbox 891 2779 908 2839; x_wconf 80' lang='grc' dir='ltr'><strong>ἦ</strong></span> <span class='ocrx_word' id='word_1_178' title='bbox 928 2783 1130 2855; x_wconf 55' lang='lat' dir='ltr'><strong>§parapteres</strong></span> <span class='ocrx_word' id='word_1_179' title='bbox 1150 2772 1228 2848; x_wconf 81' lang='lat' dir='ltr'><strong>¹Quo</strong></span> <span class='ocrx_word' id='word_1_180' title='bbox 1241 2793 1320 2832; x_wconf 88' lang='lat' dir='ltr'><strong>anno</strong></span> <span class='ocrx_word' id='word_1_181' title='bbox 1417 2795 1418 2798; x_wconf 45' lang='lat'>¹</span> 
     </span>
     <span class='ocr_line' id='line_1_24' title="bbox 360 2871 1318 2946; baseline 0.008 -17"><span class='ocrx_word' id='word_1_182' title='bbox 360 2871 472 2932; x_wconf 88' lang='lat' dir='ltr'><strong>Cicero</strong></span> <span class='ocrx_word' id='word_1_183' title='bbox 487 2874 590 2934; x_wconf 89' lang='lat' dir='ltr'><strong>consul</strong></span> <span class='ocrx_word' id='word_1_184' title='bbox 611 2875 692 2946; x_wconf 79' lang='lat' dir='ltr'><strong>fuit,</strong></span> <span class='ocrx_word' id='word_1_185' title='bbox 706 2893 790 2934; x_wconf 82' lang='lat' dir='ltr'><strong>sacra</strong></span> <span class='ocrx_word' id='word_1_186' title='bbox 810 2875 912 2934; x_wconf 88' lang='lat' dir='ltr'><strong>Bonae</strong></span> <span class='ocrx_word' id='word_1_187' title='bbox 932 2877 1015 2935; x_wconf 87' lang='lat' dir='ltr'><strong>Deae</strong></span> <span class='ocrx_word' id='word_1_188' title='bbox 1036 2880 1066 2934; x_wconf 90' lang='lat' dir='ltr'><strong>in</strong></span> <span class='ocrx_word' id='word_1_189' title='bbox 1087 2879 1151 2936; x_wconf 91' lang='lat' dir='ltr'><strong>eius</strong></span> <span class='ocrx_word' id='word_1_190' title='bbox 1164 2877 1260 2939; x_wconf 91' lang='lat' dir='ltr'><strong>domo</strong></span> <span class='ocrx_word' id='word_1_191' title='bbox 1276 2878 1318 2937; x_wconf 86' lang='lat' dir='ltr'><strong>fa-</strong></span> 
     </span>
     <span class='ocr_line' id='line_1_25' title="bbox 358 2979 1241 3064; baseline 0.009 -28"><span class='ocrx_word' id='word_1_192' title='bbox 358 2989 406 3038; x_wconf 88' lang='lat' dir='ltr'><strong>cta</strong></span> <span class='ocrx_word' id='word_1_193' title='bbox 425 2979 564 3056; x_wconf 79' lang='lat' dir='ltr'><strong>fuerunt3</strong></span> <span class='ocrx_word' id='word_1_194' title='bbox 584 2980 665 3040; x_wconf 90' lang='lat' dir='ltr'><strong>idem</strong></span> <span class='ocrx_word' id='word_1_195' title='bbox 685 2981 765 3041; x_wconf 91' lang='lat' dir='ltr'><strong>Plut.</strong></span> <span class='ocrx_word' id='word_1_196' title='bbox 788 2984 837 3061; x_wconf 84' lang='lat' dir='ltr'><strong>(in</strong></span> <span class='ocrx_word' id='word_1_197' title='bbox 857 2981 917 3041; x_wconf 90' lang='lat' dir='ltr'><strong>Cic.</strong></span> <span class='ocrx_word' id='word_1_198' title='bbox 938 3001 1007 3064; x_wconf 86' lang='lat' dir='ltr'><strong>pag.</strong></span> <span class='ocrx_word' id='word_1_199' title='bbox 1028 2981 1104 3062; x_wconf 85' lang='lat'><strong>870)</strong></span> <span class='ocrx_word' id='word_1_200' title='bbox 1126 2997 1241 3044; x_wconf 88' lang='lat' dir='ltr'><strong>narrat.</strong></span> 
     </span>
    </p>

    <p class='ocr_par' dir='ltr' id='par_1_7' title="bbox 322 3069 1319 3574">
     <span class='ocr_line' id='line_1_26' title="bbox 322 3069 1318 3173; baseline 0.008 -31"><span class='ocrx_word' id='word_1_201' title='bbox 322 3105 357 3167; x_wconf 89' lang='lat'><strong>¹9</strong></span> <span class='ocrx_word' id='word_1_202' title='bbox 377 3083 488 3146; x_wconf 83' lang='lat' dir='ltr'><strong>Schtitz</strong></span> <span class='ocrx_word' id='word_1_203' title='bbox 495 3131 506 3160; x_wconf 86' lang='lat'><strong>,</strong></span> <span class='ocrx_word' id='word_1_204' title='bbox 516 3098 640 3148; x_wconf 88' lang='lat' dir='ltr'><strong>auctore</strong></span> <span class='ocrx_word' id='word_1_205' title='bbox 659 3087 790 3159; x_wconf 86' lang='lat' dir='ltr'><strong>Murato,</strong></span> <span class='ocrx_word' id='word_1_206' title='bbox 804 3086 926 3170; x_wconf 60' lang='lat' dir='ltr'><strong>&amp;leoque</strong></span> <span class='ocrx_word' id='word_1_207' title='bbox 939 3069 1121 3172; x_wconf 70' lang='lat' dir='ltr'><strong>sacrificium.</strong></span> <span class='ocrx_word' id='word_1_208' title='bbox 1136 3089 1217 3150; x_wconf 90' lang='lat' dir='ltr'><strong>Nihil</strong></span> <span class='ocrx_word' id='word_1_209' title='bbox 1233 3111 1318 3173; x_wconf 89' lang='lat' dir='ltr'><strong>opus.</strong></span> 
     </span>
     <span class='ocr_line' id='line_1_27' title="bbox 354 3191 1319 3265; baseline 0.008 -17"><span class='ocrx_word' id='word_1_210' title='bbox 354 3191 462 3251; x_wconf 83' lang='lat' dir='ltr'><strong>Narrat</strong></span> <span class='ocrx_word' id='word_1_211' title='bbox 475 3195 554 3252; x_wconf 90' lang='lat' dir='ltr'><strong>enim</strong></span> <span class='ocrx_word' id='word_1_212' title='bbox 577 3193 683 3254; x_wconf 84' lang='lat' dir='ltr'><strong>Cicero</strong></span> <span class='ocrx_word' id='word_1_213' title='bbox 704 3197 819 3254; x_wconf 91' lang='lat' dir='ltr'><strong>venisse</strong></span> <span class='ocrx_word' id='word_1_214' title='bbox 838 3197 940 3254; x_wconf 89' lang='lat' dir='ltr'><strong>virum</strong></span> <span class='ocrx_word' id='word_1_215' title='bbox 961 3193 1086 3254; x_wconf 89' lang='lat' dir='ltr'><strong>domum</strong></span> <span class='ocrx_word' id='word_1_216' title='bbox 1109 3195 1265 3265; x_wconf 85' lang='lat' dir='ltr'><strong>Caesaris,</strong></span> <span class='ocrx_word' id='word_1_217' title='bbox 1290 3208 1319 3256; x_wconf 91' lang='lat' dir='ltr'><strong>ct</strong></span> 
     </span>
     <span class='ocr_line' id='line_1_28' title="bbox 355 3298 1319 3383; baseline 0.008 -29"><span class='ocrx_word' id='word_1_218' title='bbox 355 3317 450 3376; x_wconf 90' lang='lat' dir='ltr'><strong>quum</strong></span> <span class='ocrx_word' id='word_1_219' title='bbox 472 3298 502 3356; x_wconf 94' lang='lat' dir='ltr'><strong>id</strong></span> <span class='ocrx_word' id='word_1_220' title='bbox 523 3299 719 3372; x_wconf 80' lang='lat' dir='ltr'><strong>sacrificium,</strong></span> <span class='ocrx_word' id='word_1_221' title='bbox 741 3300 823 3382; x_wconf 90' lang='lat' dir='ltr'><strong>quod</strong></span> <span class='ocrx_word' id='word_1_222' title='bbox 836 3303 935 3382; x_wconf 90' lang='lat' dir='ltr'><strong>primo</strong></span> <span class='ocrx_word' id='word_1_223' title='bbox 948 3301 1098 3383; x_wconf 88' lang='lat' dir='ltr'><strong>pollutum</strong></span> <span class='ocrx_word' id='word_1_224' title='bbox 1121 3302 1238 3375; x_wconf 85' lang='lat' dir='ltr'><strong>fuerat,</strong></span> <span class='ocrx_word' id='word_1_225' title='bbox 1259 3306 1319 3362; x_wconf 86' lang='lat' dir='ltr'><strong>vir-</strong></span> 
     </span>
     <span class='ocr_line' id='line_1_29' title="bbox 355 3399 1318 3484; baseline 0.007 -23"><span class='ocrx_word' id='word_1_226' title='bbox 355 3404 438 3484; x_wconf 87' lang='lat' dir='ltr'><strong>gines</strong></span> <span class='ocrx_word' id='word_1_227' title='bbox 459 3403 594 3465; x_wconf 87' lang='lat' dir='ltr'><strong>Vestales</strong></span> <span class='ocrx_word' id='word_1_228' title='bbox 615 3409 846 3478; x_wconf 84' lang='lat' dir='ltr'><strong>instaurassent,</strong></span> <span class='ocrx_word' id='word_1_229' title='bbox 872 3418 937 3467; x_wconf 90' lang='lat' dir='ltr'><strong>tum</strong></span> <span class='ocrx_word' id='word_1_230' title='bbox 965 3407 1161 3468; x_wconf 87' lang='lat' dir='ltr'><strong>Cornificium</strong></span> <span class='ocrx_word' id='word_1_231' title='bbox 1190 3399 1318 3470; x_wconf 88' lang='lat' dir='ltr'><strong>mentio-</strong></span> 
     </span>
     <span class='ocr_line' id='line_1_30' title="bbox 352 3485 845 3574; baseline 0.008 -6"><span class='ocrx_word' id='word_1_232' title='bbox 352 3529 423 3569; x_wconf 88' lang='lat' dir='ltr'><strong>nem</strong></span> <span class='ocrx_word' id='word_1_233' title='bbox 444 3509 481 3571; x_wconf 92' lang='lat' dir='ltr'><strong>de</strong></span> <span class='ocrx_word' id='word_1_234' title='bbox 502 3507 538 3571; x_wconf 84' lang='lat' dir='ltr'><strong>ed</strong></span> <span class='ocrx_word' id='word_1_235' title='bbox 559 3515 590 3571; x_wconf 87' lang='lat' dir='ltr'><strong>in</strong></span> <span class='ocrx_word' id='word_1_236' title='bbox 611 3525 715 3574; x_wconf 89' lang='lat' dir='ltr'><strong>senatu</strong></span> <span class='ocrx_word' id='word_1_237' title='bbox 732 3485 845 3574; x_wconf 73' lang='lat' dir='ltr'><strong>lesisse.</strong></span> 
     </span>
    </p>

    <p class='ocr_par' dir='ltr' id='par_1_8' title="bbox 273 3614 1315 3809">
     <span class='ocr_line' id='line_1_31' title="bbox 273 3614 1315 3699; baseline 0.004 -21"><span class='ocrx_word' id='word_1_238' title='bbox 273 3670 274 3678; x_wconf 73' lang='grc'>,</span> <span class='ocrx_word' id='word_1_239' title='bbox 314 3633 353 3674; x_wconf 84' lang='lat'><strong>20</strong></span> <span class='ocrx_word' id='word_1_240' title='bbox 374 3614 442 3676; x_wconf 88' lang='lat' dir='ltr'><strong>Scil.</strong></span> <span class='ocrx_word' id='word_1_241' title='bbox 453 3619 570 3699; x_wconf 82' lang='lat' dir='ltr'><strong>primus</strong></span> <span class='ocrx_word' id='word_1_242' title='bbox 585 3641 648 3679; x_wconf 87' lang='lat' dir='ltr'><strong>rem</strong></span> <span class='ocrx_word' id='word_1_243' title='bbox 662 3620 778 3681; x_wconf 87' lang='lat' dir='ltr'><strong>detulit.</strong></span> <span class='ocrx_word' id='word_1_244' title='bbox 799 3619 954 3692; x_wconf 81' lang='lat' dir='ltr'><strong>Nostrum,</strong></span> <span class='ocrx_word' id='word_1_245' title='bbox 969 3622 1094 3694; x_wconf 89' lang='lat' dir='ltr'><strong>scilicet,</strong></span> <span class='ocrx_word' id='word_1_246' title='bbox 1108 3623 1315 3684; x_wconf 85' lang='lat' dir='ltr'><strong>consularium</strong></span> 
     </span>
     <span class='ocr_line' id='line_1_32' title="bbox 353 3724 1003 3809; baseline 0.009 -27"><span class='ocrx_word' id='word_1_247' title='bbox 353 3724 514 3797; x_wconf 68' lang='lat' dir='ltr'><strong>virorum,</strong></span> <span class='ocrx_word' id='word_1_248' title='bbox 530 3747 624 3806; x_wconf 88' lang='lat' dir='ltr'><strong>quum</strong></span> <span class='ocrx_word' id='word_1_249' title='bbox 644 3727 694 3788; x_wconf 90' lang='lat' dir='ltr'><strong>ille</strong></span> <span class='ocrx_word' id='word_1_250' title='bbox 714 3728 805 3788; x_wconf 75' lang='lat' dir='ltr'><strong>fiterit</strong></span> <span class='ocrx_word' id='word_1_251' title='bbox 825 3730 1003 3809; x_wconf 86' lang='lat' dir='ltr'><strong>praetorius.</strong></span> 
     </span>
    </p>

    <p class='ocr_par' dir='ltr' id='par_1_9' title="bbox 317 3829 1315 4022">
     <span class='ocr_line' id='line_1_33' title="bbox 317 3829 1315 3916; baseline 0.012 -32"><span class='ocrx_word' id='word_1_252' title='bbox 317 3848 349 3885; x_wconf 86' lang='lat'><strong>21</strong></span> <span class='ocrx_word' id='word_1_253' title='bbox 374 3829 454 3891; x_wconf 87' lang='lat' dir='ltr'><strong>Vett.</strong></span> <span class='ocrx_word' id='word_1_254' title='bbox 477 3832 592 3912; x_wconf 87' lang='lat' dir='ltr'><strong>aliquot</strong></span> <span class='ocrx_word' id='word_1_255' title='bbox 611 3833 678 3894; x_wconf 93' lang='lat' dir='ltr'><strong>edd.</strong></span> <span class='ocrx_word' id='word_1_256' title='bbox 700 3845 729 3893; x_wconf 90' lang='lat' dir='ltr'><strong>et</strong></span> <span class='ocrx_word' id='word_1_257' title='bbox 750 3833 858 3893; x_wconf 77' lang='lat' dir='ltr'><strong>Ambb.</strong></span> <span class='ocrx_word' id='word_1_258' title='bbox 884 3834 919 3894; x_wconf 87' lang='lat'><strong>16</strong></span> <span class='ocrx_word' id='word_1_259' title='bbox 940 3846 969 3896; x_wconf 91' lang='lat' dir='ltr'><strong>et</strong></span> <span class='ocrx_word' id='word_1_260' title='bbox 988 3857 1021 3915; x_wconf 86' lang='lat'><strong>17</strong></span> <span class='ocrx_word' id='word_1_261' title='bbox 1043 3834 1097 3895; x_wconf 77' lang='lat' dir='ltr'><strong>Ad</strong></span> <span class='ocrx_word' id='word_1_262' title='bbox 1109 3837 1250 3916; x_wconf 78' lang='lat' dir='ltr'><strong>virgines,</strong></span> <span class='ocrx_word' id='word_1_263' title='bbox 1266 3851 1315 3896; x_wconf 82' lang='lat' dir='ltr'><strong>at-</strong></span> 
     </span>
     <span class='ocr_line' id='line_1_34' title="bbox 351 3939 1314 4022; baseline 0.008 -28"><span class='ocrx_word' id='word_1_264' title='bbox 351 3955 421 4016; x_wconf 81' lang='lat' dir='ltr'><strong>que,</strong></span> <span class='ocrx_word' id='word_1_265' title='bbox 437 3939 499 4015; x_wconf 84' lang='lat' dir='ltr'><strong>(vel</strong></span> <span class='ocrx_word' id='word_1_266' title='bbox 513 3942 556 4017; x_wconf 86' lang='lat' dir='ltr'><strong>et)</strong></span> <span class='ocrx_word' id='word_1_267' title='bbox 571 3939 614 4001; x_wconf 80' lang='lat' dir='ltr'><strong>ad</strong></span> <span class='ocrx_word' id='word_1_268' title='bbox 623 3939 790 4022; x_wconf 71' lang='lat' dir='ltr'><strong>pontffices,</strong></span> <span class='ocrx_word' id='word_1_269' title='bbox 804 3941 888 4021; x_wconf 90' lang='lat' dir='ltr'><strong>quod</strong></span> <span class='ocrx_word' id='word_1_270' title='bbox 899 3941 992 4014; x_wconf 81' lang='lat' dir='ltr'><strong>Vict,</strong></span> <span class='ocrx_word' id='word_1_271' title='bbox 1006 3941 1128 4003; x_wconf 87' lang='lat' dir='ltr'><strong>Gothof.</strong></span> <span class='ocrx_word' id='word_1_272' title='bbox 1145 3953 1314 4005; x_wconf 78' lang='lat' dir='ltr'><strong>servarunt</strong></span> 
     </span>
    </p>
   </div>
   <div class='ocr_carea' id='block_1_3' title="bbox 0 0 1466 5002">
    <p class='ocr_par' dir='ltr' id='par_1_10' title="bbox 0 0 1466 5002">
     <span class='ocr_line' id='line_1_35' title="bbox 0 0 1466 5002; baseline 0 0"><span class='ocrx_word' id='word_1_273' title='bbox 0 0 1466 5002; x_wconf 95' lang='lat' dir='ltr'><strong> </strong></span> 
     </span>
    </p>
   </div>
  </div>
 </body>
</html>
