2834 5012
257 381 317 474 vi.
340 443 344 476 ‚
639 415 886 466 mruouvcrro

133 567 136 576 ,
258 538 374 622 tum,
415 517 527 632 quod
564 546 645 600 non
686 517 749 602 his
777 519 949 630 epistolis
977 535 1253 632 pertractetur.

211 685 213 696 ’
259 675 317 756 Vt
345 672 453 751 enim
480 671 674 780 incipiam
703 697 726 748 a
753 669 875 751 literis
902 672 1261 777 commendaticiis,

237 791 328 900 ⁴eae
356 818 504 900 multae
533 832 652 917 sunt,
685 811 736 897 ¹iu
776 819 902 932 iisque
943 824 1179 905 necessarios
1221 838 1261 904 et

262 965 469 1050 familiares
492 994 607 1066 suos,
629 994 850 1077 eorumque
877 970 1034 1080 negotia
1063 970 1118 1049 ita
1146 999 1261 1054 com-

262 1115 448 1217 mandat,
485 1131 533 1197 ut
562 1145 601 1195 se
630 1118 764 1228 ipsum
793 1130 833 1197 et
870 1144 941 1198 sua
969 1118 1116 1198 maiore
1145 1147 1262 1220 cura,

265 1265 399 1348 studio
412 1263 726 1378 {sollieitudine
755 1263 1033 1347 commendare
1067 1294 1151 1348 non
1179 1297 1269 1380 pos·

265 1417 325 1498 su.
357 1416 399 1496 Si
428 1417 573 1527 gratim
594 1431 690 1496 sunt
712 1413 902 1526 agendae,
923 1429 1031 1497 tauta
1052 1413 1266 1527 profitetur

265 1595 347 1648 esse
376 1566 599 1648 amicorum
628 1595 719 1677 erga
748 1595 788 1646 se
816 1566 980 1666 merita,
1016 1580 1168 1648 tantam
1196 1599 1267 1652 eo-

265 1745 360 1800 rum
388 1714 735 1828 magnitudinem,
776 1730 824 1796 ut
868 1710 1002 1798 officio
1044 1732 1084 1798 et
1122 1721 1269 1831 pietate

267 1866 343 1948 sibi
371 1866 446 1978 ipsi
474 1867 517 1945 in
549 1863 754 1947 referenda
789 1868 913 1978 gratia
947 1893 1173 1978 numquam
1206 1898 1270 1952 sa·

268 2015 446 2098 tisfacere
469 2001 607 2098 dicata
621 2017 722 2126 quin
744 2016 889 2115 immo,
910 2013 1008 2098 illud
1031 2011 1165 2128 ipsum
1185 2049 1269 2132 gra·

266 2166 476 2250 vissimum
514 2191 561 2246 ac
600 2165 893 2246 sanctissimum
928 2193 1077 2248 nomen
1114 2170 1270 2280 pietatis

268 2315 394 2398 levius
437 2318 473 2396 ei
509 2312 679 2475 Xvidetur
716 2344 823 2415 esse3
860 2343 991 2426 neque
1031 2332 1192 2422 veretur
1219 2347 1272 2398 ne

269 2464 462 2550 sustinere
504 2478 549 2544 ea
591 2461 894 2546 innumerabilia
934 2466 1091 2575 possit,
1138 2493 1269 2576 quum

266 2615 500 2724 praesertim
545 2609 746 2713 confidat,
789 2614 941 2696 nullam
982 2643 1063 2696 esse
1105 2618 1273 2728 gratiam

268 2778 439 2865 tantam,
465 2793 589 2875 quam
618 2793 701 2846 non
729 2765 792 2848 vel
821 2793 961 2876 capere
989 2767 1148 2846 animus
1174 2795 1271 2848 suus

268 2913 310 2991 in
339 2913 594 3022 accipiendo,
622 2915 685 3034 yel
720 2917 762 2995 in
800 2913 1093 2996 remunerando
1121 2943 1269 2997 cumu-

268 3058 467 3172 landoque
495 3062 690 3143 illustrare
719 3065 843 3175 possit
864 3061 933 3176 (Ι)
957 3066 1098 3170 Quum
1125 3093 1187 3145 res
1216 3093 1273 3144 se·

268 3207 419 3290 ouudas
449 3208 670 3322 gratulatur
704 3215 785 3296 sive
814 3214 1009 3312 Curioni,
1036 3215 1134 3299 'sive
1163 3215 1265 3292 Cae·-

268 3356 342 3456 lio,
379 3362 461 3444 sive
498 3361 654 3475 Appio,
689 3374 734 3444 'et
772 3361 917 3476 gaudet
954 3391 1005 3444 ex
1033 3367 1192 3462 animo,
1229 3349 1271 3444 et

222 3547 227 3556 «
268 3507 314 3586 iis
337 3507 474 3590 ¹adesse
503 3502 568 3598 vel
594 3528 856 3624 spectatorem
884 3512 1072 3614 laudum,
1094 3514 1159 3597 vel
1181 3541 1269 3626 par-

309 3839 351 3916 (ι)
373 3803 418 3898 ild
440 3839 617 3914 Curionem,
638 3863 685 3924 ep.
708 3800 914 3915 cLXxVssl,
939 3863 962 3905 1.
1028 3883 1029 3888 κ
