2932 5000
266 475 269 482 ·
316 395 394 525 Ι376
651 429 656 442 ’
684 439 957 493 Annonarronns

356 550 426 610 item
444 556 512 608 aare
531 552 658 617 noctem,
678 544 791 605 seilicet
810 546 842 605 in
861 545 988 604 domum
1003 541 1148 606 Caesaris.
1169 543 1240 606 Non
1257 565 1315 608 esse

356 656 430 716 dum
448 652 576 723 οὖνὶαιη,
595 648 673 710 ludit
693 651 803 711 iterum
823 653 855 711 in
882 649 1028 732 ambiguo
1048 665 1098 716 τοῦ
1118 653 1161 712 aa
1187 652 1317 724 obviam,

338 758 441 840 'quod
460 768 490 818 et
508 775 659 818 occurrere
678 757 770 818 alicui
786 756 911 819 honoris
932 758 1048 839 gratia,
1068 768 1099 819 et
1111 759 1243 820 manum
1266 761 1316 840 (ne

357 865 419 926 scil.
439 864 564 926 domum
586 861 720 924 Caesaris
740 864 965 946 ingrederetur)
988 862 1146 947 significat.

318 991 356 1032 22
377 971 428 1032 Sic
447 980 517 1053 post
540 969 741 1053 Malaspinam
767 972 949 1032 recentiores
975 990 1096 1046 omnes;
1116 972 1262 1034 nimirum
1289 993 1318 1034 ex

357 1075 431 1137 libb.
450 1077 562 1136 Fa'e'rni
582 1086 614 1136 et
633 1076 812 1136 Antoniano.
835 1075 920 1136 Olim
941 1073 1116 1137 deducerem
1135 1078 1168 1136 is.

318 1185 357 1244 23
377 1185 541 1254 Nimirum,
560 1191 596 1242 ut
614 1181 779 1243 siculorum
793 1193 949 1264 patronus.
971 1181 1086 1243 Locum
1097 1181 1321 1263 gladiatoribus,

357 1303 468 1372 nempe
487 1289 589 1350 locum
609 1288 648 1349 ad
668 1289 846 1372 spectandos
868 1288 956 1349 ludos
977 1288 1181 1370 gladiatorios.

319 1399 360 1477 24
379 1400 515 1481 lntellige
537 1399 672 1471 Siciliae,
693 1397 802 1485 melior
823 1397 938 1458 scilicet
958 1408 1003 1471 te,
1026 1399 1123 1479 quiet
1139 1400 1323 1479 ipse,quae-

358 1517 422 1566 stor
435 1505 509 1566 olim
523 1507 553 1565 in
569 1505 687 1577 Sicilia,
707 1514 854 1588 patronus
872 1495 994 1565 Siciliae
1006 1524 1046 1564 es.
1068 1503 1140 1562 Em.
1153 1503 1324 1576 instituam,

358 1610 389 1671 la
411 1631 438 1672 e.
457 1597 601 1693 incipiam
622 1610 702 1672 dare.
724 1611 826 1670 Novus
843 1621 989 1690 patrorurs
1007 1619 1100 1669 estex
1115 1609 1232 1669 emend.
1248 1611 1322 1672 Gui-

357 1716 444 1778 donis
470 1718 571 1800 Lolgii
597 1717 680 1799 apud
707 1715 837 1778 eundem
862 1714 991 1797 Malasp.
1017 1712 1106 1775 Libb.
1133 1735 1239 1776 omnes
1270 1739 1322 1777 nn·

358 1843 408 1884 ros
424 1836 587 1904 patronos,
612 1817 822 1883 terminatione
846 1843 880 1882 os
905 1823 1029 1902 antique
1056 1841 1113 1902 pro
1139 1843 1173 1880 us
1199 1821 1323 1884 fortasse

357 1940 512 2012 usurpata.
533 1927 595 1989 Sed
604 1949 703 2001 soror,
719 1927 847 1990 subaudi
859 1948 937 1989 naen.
949 1927 996 1988 Ea
1010 1937 1075 1988 erat
1088 1926 1195 1988 Clodia
1209 1930 1249 2006 Q.
1262 1931 1326 1990 Me·

358 2035 430 2096 tello
452 2035 552 2095 Celeri
579 2034 646 2096 Cos.
668 2043 773 2117 nupta.
807 2033 938 2095 Tantum
957 2032 1051 2094 habet
1072 2034 1234 2094 consularis
1255 2036 1327 2109 loci,

358 2140 491 2201 multum
511 2141 570 2201 loci
590 2139 630 2200 ad
651 2138 829 2223 spectandos
850 2139 1040 2222 gladiatores.
1069 2138 1230 2213 Consules,
1258 2143 1323 2202 alii·

358 2267 419 2329 que
439 2249 630 2328 magistratus
651 2256 804 2328 gerentes,
824 2249 957 2330 spatium
976 2266 1034 2327 pro
1065 2248 1259 2326 magistratus
1281 2247 1322 2307 di-

359 2355 472 2434 gnitate
493 2373 528 2412 ex
554 2351 672 2433 legibus
699 2350 862 2412 habebant.
887 2351 991 2412 Habet
1017 2335 1227 2434 rescripsimus
1257 2374 1324 2414 cum

359 2458 519 2532 schulzio,
538 2459 683 2522 suadente
702 2459 852 2522 Ernestio.
873 2458 964 2521 Libb.
984 2460 1107 2533 lrabeat,
1128 2461 1212 2543 quod
1234 2465 1259 2522 si
1273 2484 1323 2522 ve-

359 2587 430 2626 rum
450 2577 514 2638 est,
534 2566 749 2649 corrigendum
770 2577 814 2628 est
834 2568 973 2650 superius
994 2587 1071 2649 quoe
1099 2569 1131 2628 in
1150 2589 1250 2650 quum:
1276 2567 1327 2629 sed

358 2691 457 2744 soror,
477 2693 568 2756 quiem
588 2685 607 2734 t.
629 2673 745 2734 lrabeat.
1010 2664 1015 2673 ’

320 2775 360 2838 25
381 2779 468 2838 locus
482 2779 513 2838 in
525 2777 672 2860 ambiguo
683 2777 783 2862 pedis,
804 2799 866 2860 qua
880 2799 1025 2840 mensura
1038 2790 1097 2853 est,
1118 2790 1148 2840 et
1159 2801 1222 2862 qua
1234 2801 1325 2840 mem-

358 2879 451 2942 brum
471 2881 648 2944 humanum.
670 2885 755 2945 Lz'oet
773 2885 900 2946 alterum
921 2885 1025 2958 tollas,
1043 2888 1175 2968 pertinet
1189 2887 1227 2947 ad
1242 2887 1325 2948 lasci-

360 3009 432 3049 vam
451 2988 549 3050 Clodii
563 2990 834 3063 consuetudinem,
846 2991 885 3053 de
906 3012 968 3074 quo
982 3013 1089 3052 rumor
1101 3003 1166 3054 erat
1180 3015 1251 3064 eum
1264 3004 1321 3053 tres

360 3114 478 3156 sorores
498 3107 665 3180 stuprasse3
686 3097 760 3158 Har.
780 3098 817 3159 R.
838 3097 867 3160 5.

322 3197 361 3257 26
382 3199 442 3260 Sed
462 3223 519 3284 ego
539 3204 618 3264 male
639 3203 689 3264 odi
710 3204 793 3265 illam
814 3204 1024 3278 consularem,
1043 3216 1079 3266 ut
1098 3205 1240 3289 explanat
1260 3205 1324 3266 Ma-

361 3303 435 3388 lasp.
455 3308 550 3369 Notus
576 3311 721 3392 loquendi
747 3311 863 3373 modus.
890 3313 948 3396 Ep.
968 3313 1159 3385 DCLXXX,
1182 3335 1243 3374 non
1271 3311 1324 3372 dir·

361 3412 440 3485 bito,
458 3415 529 3496 quin
548 3437 594 3476 me
613 3418 692 3478 nsale
711 3417 825 3495 oderim
845 3419 917 3481 Ter.
942 3421 973 3478 in
995 3416 1123 3501 Adelph.
1151 3419 1213 3493 1v,
1237 3441 1271 3492 r,
1292 3441 1325 3500 7,

362 3540 454 3600 quem
474 3520 552 3580 vide.

322 3643 360 3706 ²7
381 3625 566 3688 Pronomina
587 3629 750 3712 utrobique
777 3630 898 3692 sustulit
923 3629 1042 3692 Schiitz.
1071 3631 1133 3691 Eos
1153 3632 1226 3692 asilu
1250 3633 1325 3693 maei-

361 3753 413 3793 cos
430 3754 506 3806 csse,
525 3735 568 3795 sic
588 3735 733 3799 editiones
753 3747 825 3797 vett.
847 3758 912 3818 usq.
937 3735 976 3796 nd
996 3736 1062 3797 ald.
1083 3736 1188 3818 Vulgo
1216 3760 1267 3798 eos
1294 3739 1324 3798 in
1443 3739 1444 3750 ¹

360 3839 416 3900 lsoc
441 3861 521 3914 esse,
542 3842 661 3924 quode
681 3844 810 3906 Victorii
831 3841 917 3904 libris
937 3841 1037 3914 fluxit,
1065 3842 1160 3903 immo
1181 3866 1201 3904 a
1225 3844 1326 3906 Bosio.

361 3945 443 4005 Tum
463 3949 496 4007 in
516 3969 577 4032 seq.
598 3960 670 4011 sent.
693 3951 901 4031 rescripsimus
928 3971 998 4010 cum
1013 3948 1125 4010 Schiitz
1150 3970 1222 4012 sone
1237 3972 1327 4034 quam

359 4049 473 4116 videtur
490 4073 526 4118 cx
546 4067 670 4120 correct.
692 4056 832 4136 Graevii3
853 4055 935 4137 vulg.
955 4076 1027 4118 sane
1047 4057 1109 4118 iam
1130 4079 1154 4118 v.
