2882 5002
352 359 419 443 156
697 384 868 435 seurota
893 387 988 435 xxvi.
1122 383 1202 436 av.
1220 387 1247 436 c.
1266 387 1313 448 ⁶9³

346 517 464 568 nonne
490 489 536 563 ad
563 451 708 562 mulsosl
721 487 836 561 bonos
869 488 962 561 viros
995 484 1169 586 pertinet?
1202 488 1290 590 Sed,
1311 491 1338 562 si

346 620 396 692 ita
420 617 571 718 placuit,
595 615 793 712 laudemus,
819 612 945 686 deinde
962 614 999 684 in
1024 612 1295 692 dissensionibus
1306 611 1336 682 4⁵

347 743 413 817 soli
438 728 683 843 relinquamur.

396 896 421 970 9
445 867 629 942 Amalthea
655 891 733 939 mea
758 878 793 939 te
823 877 1018 968 exspectat,
1050 878 1086 936 et
1117 863 1251 962 indiget
1284 867 1341 939 tui.

346 992 584 1068 Tusculanum
610 1006 647 1065 et
669 992 924 1091 Pompeianum
950 988 1052 1063 valde
1076 1014 1133 1061 me
1151 989 1343 1092 delectant,

346 1121 413 1193 nisi
438 1118 536 1221 quod
560 1145 633 1217 me,
657 1113 755 1190 illum
786 1119 905 1216 ipsum
935 1114 1112 1190 vindicem
1144 1117 1231 1188 aeris
1265 1115 1340 1190 alie-

346 1246 385 1318 ni
399 1243 443 1345 46,
468 1270 546 1319 aere
561 1269 635 1320 non
656 1243 857 1342 Corinthio,
881 1241 944 1317 sed
960 1240 1029 1316 hoc
1052 1241 1341 1341 circumforaneo,

347 1369 547 1444 obruerunt

400 1521 443 1570 ro
468 1496 511 1569 In
536 1494 649 1568 Gallia
675 1520 854 1595 speramus
879 1518 955 1566 esse
983 1493 1104 1565 otium.

400 1649 438 1694 11
467 1621 696 1720 Prognostica
721 1647 798 1693 mea
811 1619 843 1686 47
870 1645 951 1694 cum
976 1617 1201 1692 oratiunculis
1218 1645 1347 1719 prope·

346 1746 440 1820 diem
457 1761 638 1849 exspecta,
654 1732 690 1820 et
715 1761 850 1846 tamen,
875 1743 960 1847 quid
978 1744 1109 1843 cogites
1127 1744 1170 1817 de
1188 1745 1345 1819 adventu

345 1886 425 1972 tuo,
449 1873 561 1946 scribe
587 1872 633 1945 ad
658 1899 732 1948 nos.
757 1873 849 1948 Nam
875 1871 961 1946 mihi
977 1872 1172 1971 Pomponia
1190 1874 1346 1945 nuntiari

344 1999 463 2084 iussit,
489 2012 524 2070 te
550 2024 669 2073 mense
695 1997 845 2091 Quintili
876 2000 1007 2070 Romae
1032 1996 1126 2097 fore,
1156 1996 1196 2069 id
1229 2025 1250 2070 a
1274 2000 1351 2072 tuis

343 2121 467 2223 literis,
499 2151 585 2226 quas
617 2115 664 2198 ad
695 2150 752 2198 me
784 2125 829 2198 de
861 2124 1004 2199 decessu
1021 2122 1055 2192 4⁰
1080 2139 1154 2201 tuo¹
1179 2125 1347 2224 miseras,

345 2247 577 2349 discrepabat.

398 2401 439 2447 12
464 2376 610 2474 Paetus,
633 2387 675 2447 nt
699 2388 801 2448 antea
827 2372 873 2447 ad
905 2388 940 2448 te
972 2376 1113 2477 scripsi,
1145 2399 1267 2447 omnes
1302 2373 1347 2446 li-

341 2496 448 2599 bros,
472 2525 560 2600 quos
585 2499 691 2585 frater
716 2527 797 2574 suus
828 2499 1038 2602 reliquisset,
1062 2499 1148 2571 mihi
1181 2498 1341 2571 donavit.

341 2625 420 2696 Hoc
445 2624 536 2698 illius
561 2651 688 2700 munus
716 2627 754 2698 in
786 2640 846 2699 tua
881 2625 1058 2726 diligentia
1089 2625 1246 2726 positum
1279 2639 1348 2697 est.

343 2748 379 2821 Si
404 2776 460 2822 me
495 2777 607 2851 amas,
640 2778 743 2852 cura,
775 2766 815 2826 ut
846 2766 1110 2856 conserventur,
1145 2750 1252 2827 etad
1287 2776 1345 2822 me

342 2875 567 2971 perferantur.
593 2877 672 2950 Hoc
697 2878 783 2951 mihi
814 2877 901 2952 nihil
936 2891 1055 2977 potest
1086 2903 1159 2950 esse
1193 2877 1348 2974 gratius:

342 3012 395 3097 et,
420 3026 527 3100 quum
553 3005 723 3104 Graecos,
747 3019 822 3076 tum
846 3030 929 3079 vero
946 3006 1091 3080 Lahnos
1109 3002 1296 3100 diligenter
1306 3000 1344 3068 49

340 3135 382 3195 ut
407 3149 598 3202 conserves.
616 3128 729 3204 velim.
755 3131 872 3202 Tuum
898 3155 973 3204 esse
998 3129 1068 3203 hoc
1092 3128 1345 3201 munusculum

341 3249 485 3348 putabo.

395 3363 439 3450 “13
466 3377 523 3452 Ad
548 3380 735 3455 Octavium
748 3384 777 3432 ⁵⁰
798 3381 880 3455 dedi
895 3359 1030 3480 literas,
1055 3357 1135 3454 curu
1155 3381 1235 3480 ipso
1253 3377 1348 3451 nihil

341 3525 436 3574 eram
460 3502 606 3579 locutus.
631 3508 753 3610 Neque
779 3511 872 3580 enim
897 3509 962 3580 ista
988 3521 1048 3579 tua
1082 3507 1223 3605 negotia
1256 3531 1345 3606 pro-

340 3627 501 3704 vincialia
528 3657 601 3706 esse
623 3635 813 3736 putabam,
838 3661 951 3736 neque
976 3647 1010 3706 te
1035 3634 1072 3704 in
1089 3631 1348 3738 tocullionibus

339 3751 520 3832 habebam.
548 3760 616 3837 Sed
641 3762 781 3864 scripsi,
805 3775 845 3836 ut
870 3761 993 3860 debui,
1020 3759 1214 3858 diligenter.
