2882 5002
329 417 377 518 76
537 503 541 530 ,
692 435 864 488 urrsrom
888 437 958 488 xix.
1109 435 1140 486 A.
1155 439 1189 486 v.
1208 437 1236 482 c.
1253 435 1299 496 σῳ

325 540 516 641 Pompeius
542 538 610 634 μαλ’
619 545 871 636 ἀριστοκρατικῶς
896 539 1036 613 locutus
1068 551 1141 638 est,
1171 551 1326 612 senatus·

326 695 395 770 que
420 666 663 740 auctoritatem
688 665 753 738 sibi
779 665 997 739 omnihusan
1013 664 1119 737 rebus
1136 664 1325 736 maximam

325 793 451 891 videri,
475 816 681 893 semperque
698 792 810 866 visam
827 817 901 866 esse
918 789 1117 891 respondit,
1133 803 1170 862 et
1184 789 1223 862 id
1239 787 1325 862 mul·

325 920 371 991 tis
401 918 525 991 verbis.
558 919 688 990 Postea
721 917 872 990 Messala
906 915 1029 990 consul
1060 917 1098 988 in
1129 927 1252 1009 senatu
1281 913 1326 986 de

324 1044 524 1145 Pompei0⁷
543 1042 732 1144 quaesivit,
756 1043 843 1145 quid
861 1042 905 1115 de
921 1042 1107 1140 religione,
1132 1040 1229 1113 etde
1246 1065 1327 1140 pro-

323 1170 478 1268 mulgata
501 1170 682 1267 rogatione
699 1170 850 1243 sentiret.
875 1171 1032 1243 Locutus
1048 1169 1098 1240 ita
1119 1179 1172 1239 est
1198 1167 1255 1252 [in
1272 1165 1326 1238 se·

323 1311 410 1369 natu
427 1297 480 1395 ⁸],
504 1309 544 1367 ut
568 1295 695 1368 'omnia
726 1294 817 1368 illius
850 1293 982 1368 ordinis
1015 1291 1175 1367 consulta
1205 1303 1325 1386 γενικῶς

323 1421 497 1495 laudaret:
523 1420 696 1521 mihique,
722 1434 763 1494 ut
795 1418 941 1519 assedit,
967 1419 1076 1518 dixit,
1103 1417 1147 1490 'se
1178 1430 1326 1517 putare,

325 1548 410 1620 satis
436 1546 480 1620 ab
507 1572 544 1619 se
569 1547 675 1619 etiam
700 1545 744 1619 de
769 1547 846 1619 istis
865 1545 996 1620 rebusa
1013 1569 1088 1617 esse
1105 1568 1326 1643 responsum.

374 1674 398 1766 4
424 1673 569 1745 Crassus
601 1683 726 1771 postea
759 1697 864 1772 qnam
889 1669 999 1770 vidit,
1023 1668 1122 1741 illum
1148 1669 1326 1769 excepisse

302 1777 466 1870 ¹laudern
499 1823 543 1869 ex
574 1822 641 1898 eo,
674 1796 771 1898 quod
807 1795 1066 1896 suspicarentur
1096 1793 1259 1867 homines
1294 1794 1329 1865 ei

325 1921 546 1996 consulatum
570 1948 687 1996 meum
720 1922 872 2023 placere,
897 1923 1062 2021 surrexit,
1088 1922 1328 1995 ornatissime-

325 2076 392 2151 que
418 2049 461 2121 de
493 2031 573 2124 meo
599 2046 783 2122 consulatu
808 2048 946 2121 locutus
972 2062 1046 2147 est,
1079 2060 1119 2120 ut
1137 2041 1200 2120 'ita
1232 2047 1328 2121 dice-

323 2188 392 2273 ret,
418 2200 455 2246 se
482 2174 578 2275 qnod
604 2189 694 2247 esset
713 2191 741 2224 ¹⁰
769 2188 930 2273 senator,
960 2173 1057 2274 quod
1089 2174 1194 2273 civiS,
1227 2173 1328 2275 quod

323 2299 426 2400 liber,
452 2300 548 2401 quod
573 2301 723 2399 viveret,
748 2299 834 2374 mihi
860 2313 1046 2399 acceptum
1067 2298 1211 2399 referre,
1237 2325 1329 2401 qno-

324 2425 389 2498 ties
415 2427 616 2525 coniugem,
642 2425 779 2527 quoties
806 2424 950 2498 domum
962 2479 972 2526 ,
1004 2426 1141 2526 quoties
1174 2425 1330 2524 patriam

324 2549 473 2650 videret,
499 2552 604 2624 toties
631 2579 667 2624 se
691 2551 901 2624 beneficium
926 2577 1045 2624 meum
1070 2549 1199 2624 videre.
1231 2551 1331 2643 Quid

322 2675 453 2750 multal
471 2691 585 2750 totum
601 2677 696 2749 hunc
714 2675 850 2775 locum,
876 2657 981 2774 quem
997 2701 1063 2776 ego
1077 2691 1106 2726 ¹¹
1127 2676 1222 2750 varie
1240 2677 1328 2750 meis

323 2803 556 2901 orationibus,
581 2829 729 2903 quarum
752 2816 793 2876 tn
809 2802 1031 2876 Aristarchus
1049 2827 1105 2901 es,
1129 2801 1227 2876 solco
1245 2805 1327 2903 pin-

323 2951 418 3025 gere,
445 2926 489 2999 de
512 2926 667 3026 flamma,
694 2927 738 3001 de
763 2928 872 3025 ferro,
896 2929 1014 3018 (nosti
1038 2927 1115 3000 illas
1150 2931 1329 3019 ληκύθους)

322 3049 424 3125 valde
442 3052 592 3149 graviter
607 3055 790 3152 pertexuit
818 3054 981 3129 Proxime
998 3053 1210 3153 Pompeium
1225 3069 1255 3103 ¹²
1274 3079 1327 3126 se-

323 3174 457 3248 debam.
483 3177 641 3250 Intellexi
657 3179 840 3252 hominem
855 3181 1005 3279 moveri,
1022 3192 1140 3252 utrum
1158 3179 1328 3253 Crassum
1432 3157 1437 3168 ,

320 3301 408 3374 inire
433 3327 511 3374 eam
541 3306 703 3403 gratiam,
730 3332 835 3406 quam
863 3306 939 3405 ipse
968 3307 1262 3405 praetermisisset
1282 3308 1326 3376 ¹³:

322 3451 367 3498 an
384 3451 457 3499 esse
475 3440 591 3502 tantas
609 3453 663 3503 res
681 3444 836 3528 nostras,
861 3455 950 3531 quae
968 3443 1043 3502 tam
1058 3423 1183 3502 libenti
1200 3445 1327 3505 senatu

319 3547 560 3654 laudarentur,
587 3554 631 3628 ab
658 3582 700 3629 eo
726 3556 948 3656 praesertim,
973 3557 1034 3657 qui
1064 3555 1150 3628 milri
1182 3555 1326 3631 laudem

318 3675 413 3750 illam
439 3706 481 3752 eo
506 3681 620 3753 minus
647 3681 807 3780 deberet,
834 3680 931 3784 quod
949 3682 1036 3753 meis
1054 3680 1217 3754 omnibus
1239 3681 1269 3750 ¹4
1285 3681 1324 3754 li·

320 3805 401 3878 teris
426 3805 463 3876 in
488 3807 702 3906 Pompeiana
728 3806 833 3881 laude
858 3806 1252 3906 perstrictus-essetl1⁵

339 3928 485 4004 -5Hic
512 3931 584 4006 dies
619 3961 675 4008 me
702 3933 816 4016 valde*
838 3934 965 4006 Crasso
1000 3932 1174 4030 adiunxit:
1209 3946 1245 4006 et
1275 3947 1325 4005 tu-
