2932 5000
294 419 367 518 390
565 481 568 490 ,
658 428 927 486 tunornrrouns

328 537 525 620 perimeretis,
546 536 577 594 in
590 533 747 594 consulatu
760 553 823 593 sno.
845 533 1206 607 Summemmianae,
1226 535 1289 597 hoc

331 659 392 720 cst,
412 655 535 727 sponte,
555 663 616 702 non
637 641 758 702 adducti
779 639 919 722 precibus
939 639 987 702 vel
1008 639 1119 701 edictis.

291 754 329 834 57
351 749 513 812 Aedilibus.
535 731 629 808 racc!

256 882 259 888 ·
291 857 331 920 58
352 857 442 938 Vulg.
463 868 493 914 et
511 876 538 915 ο.
559 865 703 914 mturare.
727 851 857 912 Suavior
869 863 970 912 autem
981 851 1018 912 fit
1031 850 1186 934 anaphora
1197 857 1294 934 parti-

332 963 432 1024 culam
454 974 486 1020 ut
506 958 677 1042 repetendo.
700 958 749 1018 Sic
767 957 871 1039 paullo
891 968 961 1040 post
980 956 1040 1018 hoc
1059 959 1125 1039 ipso
1146 964 1196 1040 §9
1217 970 1292 1019 extr.

264 1137 281 1164 f
331 1080 384 1130 est.
404 1069 523 1128 Setun.
545 1068 621 1127 Item
642 1087 689 1148 ep.
710 1064 921 1135 Decchss,
943 1084 969 1125 α.

298 1175 338 1258 59
358 1174 425 1234 Ηοο
439 1172 617 1245 delendum,
629 1182 664 1231 ut
675 1170 785 1251 frigide
799 1168 984 1241 redundans,
996 1172 1110 1230 censuit
1122 1169 1297 1244 Ernestius‚

332 1291 362 1340 et
381 1280 492 1341 delevit
513 1279 632 1339 Schiitz.
653 1277 745 1338 Nobis
766 1287 866 1336 tamen
883 1298 946 1336 non
958 1279 1020 1338 sine
1033 1277 1135 1358 aliqua
1148 1279 1179 1338 vi
1193 1279 1295 1338 incul-

333 1398 433 1446 catum
454 1385 582 1446 videtur.
603 1385 673 1444 Mox
690 1386 782 1444 'sinens
794 1382 901 1444 enrditi
912 1381 995 1444 dedit
1009 1383 1180 1456 Ernestius,
1200 1394 1296 1466 etque

332 1493 429 1552 estin
449 1491 516 1553 edd.
537 1493 613 1552 lens.
634 1502 664 1551 et
684 1491 775 1562 Min.‚
795 1510 981 1570 quamquam
1001 1488 1044 1548 ibi
1064 1501 1208 1571 corrupte
1227 1511 1295 1549 eru-

332 1585 486 1658 dio'ssimus
516 1599 641 1680 legatur.
671 1597 743 1656 Mox
769 1616 826 1678 pro
851 1615 1041 1678 expromere,
1062 1594 1171 1656 Ambb.
1198 1617 1234 1678 9,
1260 1617 1298 1656 ro

309 1731 310 1734 ¹
334 1704 507 1780 exprimere.

293 1809 333 1870 60
354 1811 404 1870 Sic
430 1813 582 1870 verissime
607 1809 680 1869 Ern.
709 1811 837 1870 correxit
864 1809 946 1890 vulg.
975 1808 1185 1881 collocassent,
1211 1810 1299 1890 quod

338 1919 390 1997 qui
412 1919 585 1999 exscripsit,
606 1915 762 1988 librarius,
782 1916 924 1998 deceptus
943 1915 1003 1976 tuit
1022 1937 1041 1975 a
1053 1937 1127 1976 voce
1141 1917 1300 1997 superiore

333 2023 509 2103 coepissent,
529 2023 614 2103 quasi
628 2011 824 2104 praeteritum
838 2025 962 2084 omniuo
979 2033 1099 2105 tempus
1113 2033 1198 2083 esset.
1212 2023 1297 2082 Tum

332 2128 439 2189 Lamb.
459 2127 666 2212 studrifieisset
692 2143 721 2190 et
741 2130 877 2211 temporis
901 2129 1086 2191 collocatum.
1105 2128 1187 2189 Nihil
1208 2150 1296 2211 opus.

335 2234 561 2318 Cuipluninum
580 2235 669 2298 studii
678 2236 804 2319 flasset,
824 2237 905 2298 idem
925 2247 988 2311 est,
1007 2257 1043 2297 nc
1062 2238 1146 2297 cuius
1161 2235 1297 2296 studium

332 2344 363 2402 in
383 2341 520 2402 doctrina
540 2343 706 2426 plurimum
727 2343 792 2402 fuit.

295 2447 330 2508 61
356 2449 406 2508 Sic
432 2448 585 2520 Fuimus,
611 2449 796 2532 Mulaspiua‚
823 2447 929 2510 Lamb.
950 2461 981 2510 et
1001 2447 1071 2509 sch.
1091 2446 1297 2528 corrigebant.

334 2555 426 2637 Vulg.
446 2557 595 2638 quonium.
616 2557 697 2616 Tum
718 2556 798 2616 idem
819 2554 926 2616 Lamb.
946 2556 976 2616 in
997 2565 1024 2616 te
1044 2553 1220 2615 reducendo.

293 2659 333 2722 62
354 2661 424 2722 Scil.
445 2663 544 2743 signa,
564 2683 635 2722 arae
655 2672 686 2723 et
705 2662 818 2745 templa
836 2660 999 2722 virtutibus
1018 2671 1212 2743 praetorum,
1233 2662 1297 2720 sive

332 2767 548 2850 proconsulum
569 2769 667 2851 posita
688 2789 756 2829 aere
776 2769 1010 2850 provinciarum.
1032 2765 1153 2842 Quibus
1170 2767 1295 2848 positis,

333 2871 439 2946 fiebat,
459 2885 494 2935 ut
506 2877 632 2935 virtutes
647 2886 907 2946 consecrarentur,
921 2885 951 2934 et
965 2875 996 2934 in
1009 2874 1145 2933 Deorum
1165 2891 1295 2931 numero

333 2979 561 3041 collocarentur.
584 2981 649 3041 Hac
663 2981 700 3042 de
713 3002 745 3042 re
757 2981 878 3043 consule
898 2981 963 3041 Nat
984 2981 1022 3042 D.
1044 2980 1183 3059 11‚1.eg.
1206 2979 1252 3052 11,
1266 2989 1296 3038 et

336 3073 478 3168 Lipsium'
495 3087 590 3149 Elect.
611 3090 642 3161 l,
667 3088 711 3164 14.

293 3188 335 3250 63
355 3190 545 3267 Honoribus,
578 3206 612 3256 ut
642 3193 841 3266 inculcatum,
871 3193 1031 3254 delendum
1064 3191 1194 3274 putabat
1220 3191 1295 3251 Em.

316 3296 405 3356 ntor
429 3299 535 3359 eadem
564 3322 621 3361 vox
649 3303 779 3361 recurrit
805 3299 914 3382 vulgo,
941 3299 1107 3379 eodemque
1133 3299 1294 3380 positione.

333 3402 394 3462 Nos
415 3397 574 3467 eumcum
594 3407 736 3468 Schtitnio
757 3409 907 3468 eiecImus.

293 3505 334 3584 64
354 3509 503 3570 Nimirum
524 3513 619 3586 civiti,
631 3513 661 3573 h.
676 3536 700 3575 e.
715 3535 833 3574 summa
853 3523 999 3597 potestate
1020 3521 1050 3571 et
1070 3509 1292 3582 iurisdictione,

334 3635 397 3674 non
418 3617 556 3697 militari;
578 3620 660 3701 qnod
681 3620 755 3702 quid
775 3623 829 3694 sit,
849 3619 907 3680 vid.
930 3617 1029 3700 adep.
1050 3616 1226 3687 CXLVIII,
1246 3635 1295 3688 η,

335 3733 365 3782 et
385 3725 417 3782 in
438 3723 504 3784 Iud.
525 3727 590 3785 Lat.
1028 3747 1032 3752 “

293 3826 334 3888 65
355 3829 404 3888 Sic
424 3831 490 3892 edd.
513 3844 581 3894 vett.
603 3845 632 3894 et
653 3836 695 3893 sic
714 3845 783 3915 post
804 3833 881 3895 Vict
903 3842 935 3891 ct
955 3833 1012 3891 lac.
1034 3830 1223 3889 Gronovium
1237 3849 1292 3906 *re-

233 3961 253 3995 t
335 3937 429 3996 stituit
450 3937 614 4002 Ernestius.
635 3940 726 4022 Vulg.
747 3939 949 4020 disiungemns.
976 3935 1033 3997 Dis
1054 3947 1085 3998 ct
1103 3934 1137 3996 di
1160 3953 1290 4017 praepo·
1462 3905 1463 3954 l
