3002 5004
318 411 389 485 286
653 431 819 487 rrrsrom
845 433 970 490 xtvnr.
1091 438 1173 489 ιν.
1192 441 1286 507 c.s94

317 533 497 641 cordatur,
522 531 759 616 convertitse
773 541 826 612 *in
845 566 919 615 nos.
945 539 1068 615 Nobis·
1081 556 1207 614 autem
1228 545 1314 644 ipsis

315 697 423 771 quum
440 667 526 766 v'im‘,
543 679 619 740 tuni
635 667 802 740 iudicium
819 643 981 764 minatur:
1008 667 1099 740 Gum
1115 667 1185 741 hue
1201 671 1311 742 Pdm'-

313 795 428 910 peius
445 781 532 894 egit,
557 808 643 903 et,
634 807 673 866 ut
691 786 744 899 ad
777 819 832 865 me
865 795 941 896 ipse
973 781 1161 893 referebat,
1188 793 1313 911 (alium

314 921 407 994 enim
431 920 544 994 habeo
570 921 747 1012 neminem
783 903 943 1030 testem),
968 918 1193 998 vehementer
1224 895 1316 1022 egil,

315 1073 424 1148 quum
449 1047 634 1145 diceret,'
624 1073 663 1120 ιιι
687 1072 824 1121 summa
849 1072 887 1120 se
911 1044 1078 1148 perfidiae
1111 1059 1147 1118 et
1172 1045 1312 1121 sceleris

205 1245 207 1250 .
314 1174 455 1247 infamia
480 1172 570 1272 lore,
589 1102 623 1245 'si
648 1172 735 1245 mihi
760 1170 958 1273 periculum
980 1173 1177 1258 crearetrr⁵
1196 1171 1317 1273 aben,

316 1327 422 1401 quem
444 1299 519 1400 ipse
533 1297 728 1397 armasset,
753 1323 861 1400 quum
886 1297 1075 1398 plebeium·
1089 1299 1164 1370 fieri
1189 1325 1315 1400 passus

315 1439 422 1498 esset:
448 1424 511 1498 sed
535 1425 640 1498 fidem
674 1426 846 1526 recepisse
878 1413 1006 1496 sibiet
1034 1424 1150 1524 lpsum'
1184 1437 1220 1496 et
1243 1426 1316 1526 Ap-

315 1553 412 1651 pium
438 1551 579 1624 deme:
605 1551 696 1624 hanc
723 1553 751 1624 si
777 1549 835 1622 ille
860 1575 933 1623 non
959 1563 1127 1649 servaret,
1152 1549 1201 1621 ita
1225 1547 1313 1621 latu-

315 1703 409 1777 rum,
434 1691 473 1751 ut
498 1698 619 1750 omnes
645 1677 895 1776 intelligerent,
920 1675 1007 1750 nihil
1038 1675 1105 1748 sibi
1137 1677 1313 1776 antiquius

315 1803 466 1877 amicitia
481 1818 600 1880 nostra
619 1804 730 1880 fuisse.
757 1803 872 1903 Haec,
896 1803 985 1878 etin
1001 1829 1080 1876 eam
1104 1802 1315 1876 sententiam

314 1955 423 2030 quum
446 1929 555 2002 multa
582 1930 742 2030 dixisset,
768 1928 884 2004 aiebat
897 1929 997 2002 illum
1014 1929 1132 2029 primo
1150 1953 1233 2001 sane
1250 1927 1313 2000 diu

314 2053 422 2129 multa
448 2059 619 2142 contrad:
628 2045 706 2148 ad
726 2069 918 2130 extremum
945 2048 1062 2130 autern
1095 2080 1217 2126 manus
1252 2053 1312 2128 de-

314 2181 425 2267 disse,
450 2193 486 2253 et
511 2139 715 2282 affirmasse,
739 2181 826 2255 nihil
851 2207 888 2256 se
914 2164 1040 2259 centra
1062 2180 1136 2260 eius
1152 2153 1312 2258 rotanti

314 2321 387 2380 tem
412 2334 486 2381 esse
511 2308 692 2382 iacturum.
720 2309 791 2382 Sed
815 2321 938 2410 postea
957 2323 1075 2381 tamen
1089 2306 1147 2380 ille
1163 2333 1235 2380 non
1250 2306 1312 2380 de-

313 2433 401 2505 stitit
414 2433 457 2505 de
470 2433 571 2507 nobis
589 2436 780 2538 asperrime
797 2433 902 2536 loqui.
921 2433 1029 2534 Quod
1041 2433 1069 2506 si
1082 2458 1155 2505 non
1169 2433 1311 2532 faceret,

313 2570 431 2629 tamen
455 2559 486 2630 ei
504 2559 590 2630 nihil
608 2558 844 2633 crederemus:
870 2572 974 2660 atque
992 2558 1126 2656 omnia,
1151 2559 1243 2631 sicut
1263 2555 1310 2629 sa-

209 2738 211 2750 ,
313 2684 439 2783 cimus,
463 2711 673 2783 pararemus.
700 2685 804 2758 Nunc
828 2684 877 2756 ita
905 2710 971 2757 nos
1005 2685 1171 2782 gerimus,
1201 2696 1242 2755 ut
1272 2684 1311 2756 in

313 2807 386 2878 dies
412 2808 565 2906 singulos
590 2823 626 2882 et
651 2810 767 2884 studia
791 2810 829 2881 in
854 2835 920 2883 nos
944 2808 1145 2908 hominum,
1170 2822 1206 2881 et
1224 2834 1310 2910 opes

312 2947 452 3006 nostrae
478 2949 676 3052 augeantur.
701 2935 789 3008 Rern
814 2933 991 3035 publicam
1016 2933 1112 3008 nulla
1140 2959 1182 3007 ex
1211 2947 1312 3033 parte

313 3056 522 3156 attingimus
547 3061 590 3132 In
617 3061 728 3134 causis
763 3071 954 3167 atque
892 3061 929 3132 in
961 3057 1019 3132 illa
1052 3087 1159 3160 opera
1191 3072 1311 3131 nostra

311 3171 438 3253 forensi
464 3211 598 3257 summa
624 3186 794 3260 industria
820 3175 1013 3260 versamur:
1040 3183 1136 3288 quod
1158 3184 1313 3284 egregie,

312 3331 385 3377 non
409 3309 564 3383 modo''
542 3338 601 3412 us,
626 3314 686 3415 qni
711 3325 856 3386 utuntur
880 3329 1032 3412 opera7,
1056 3310 1119 3384 sed
1144 3311 1248 3382 etiam
1272 3311 1311 3382 in

311 3430 435 3531 vulgus
460 3450 597 3534 gratum
621 3465 696 3512 esse
721 3439 898 3512 sentimus.
927 3438 1061 3512 Domus
1094 3434 1311 3533 celebratur,

311 3561 521 3662 occurritur,
546 3578 735 3640 renovatur
759 3563 928 3637 memoria
953 3560 1168 3660 consulatus,
1193 3561 1309 3634 studia

311 3682 595 3788 significantur,
587 3715 623 3762 m
649 3717 726 3764 eam
752 3716 852 3791 spem
878 3687 1101 3787 adducimur,
1135 3701 1174 3760 ut
1206 3685 1309 3759 nobis

310 3833 350 3880 ea
375 3815 572 3914 contentio,
597 3843 686 3917 quae
718 3814 916 3920 impendet,
948 3811 1124 3939 interdum
1157 3836 1229 3887 non
1255 3812 1308 3884 lu'-

310 3932 433 4030 gienda
461 3937 628 4056 videatur.
