2834 5012
322 393 346 486 4
703 413 872 464 urrsroua
898 415 920 461 r.
1089 411 1119 460 a.
1137 415 1170 462 r.
1188 413 1216 460 c.
1235 407 1283 459 sas

322 529 360 588 et
383 541 463 589 meo
487 529 862 614 sermoneamantem,
888 513 1027 586 affinem
1042 527 1065 610 ²,
1094 513 1314 614 amicumque

323 645 485 717 amiseris.

372 797 393 842 2
420 755 526 859 Quod
552 766 597 838 ad
620 791 677 838 me
701 764 823 838 scribis
841 763 885 836 de
902 787 1021 837 sorore
1039 776 1116 862 tua,
1132 763 1232 836 testis
1249 762 1318 835 erit

322 893 385 965 tibi
409 894 501 992 ipsa,
533 904 681 991 quantae
718 889 804 961 milri
838 914 939 960 curae
971 887 1091 986 fuerit,
1122 901 1163 959 ut
1189 889 1316 978 Quinti
1412 889 1413 948 l

322 1017 434 1090 fratris
459 1018 594 1088 animus
618 1018 657 1088 in
682 1041 759 1087 eam
784 1015 943 1112 essetis,
975 1015 1035 1112 qui
1061 1037 1135 1084 esse
1161 1011 1316 1084 deberet
1412 1017 1413 1024 ’

322 1146 437 1236 Quem
463 1169 572 1244 quum
602 1167 676 1214 esse
709 1140 929 1214 offensiorem
963 1137 1163 1238 arbitrarer,
1190 1162 1249 1210 eas
1274 1137 1317 1209 li·

321 1284 412 1342 teras
438 1269 588 1341 adeum
618 1267 712 1365 misi,
748 1265 873 1368 quibus
906 1277 943 1336 et
972 1263 1148 1365 placarem
1180 1276 1223 1335 ut
1247 1263 1318 1335 fra-

324 1408 430 1492 trem,
466 1406 510 1486 et
537 1417 715 1467 monerem
751 1405 793 1464 ut
819 1391 1009 1490 minorem,
1033 1404 1070 1463 et
1094 1389 1317 1488 obiurgarem

321 1532 362 1590 ut
387 1531 566 1590 errantem.
591 1519 712 1617 Itaque
738 1541 781 1589 ex
805 1518 860 1616 iis,
878 1543 966 1617 quae
990 1529 1114 1616 postea
1139 1539 1246 1613 saepe
1271 1513 1317 1584 ab

323 1670 365 1717 eo
391 1644 516 1717 adme
542 1645 670 1743 scripta
695 1657 777 1715 sunt
784 1699 795 1742 ,
828 1643 968 1716 confido
1002 1643 1051 1714 ita
1076 1665 1150 1714 esse
1176 1639 1318 1737 omnia,
1413 1617 1414 1664 ³

322 1783 362 1840 ut
387 1783 422 1842 et
447 1784 629 1870 oporteat,
654 1783 689 1842 et
714 1767 869 1844 velimus.

373 1894 395 1966 3
416 1895 470 1967 De
484 1893 662 1968 literarum
677 1895 841 1967 missione
858 1897 870 1938 ³
895 1894 968 1965 sinc
993 1917 1096 1965 cansa
1120 1889 1181 1963 abs
1204 1903 1241 1962 te
1259 1914 1318 1961 ac·

323 2043 433 2090 cusor.
458 2018 658 2120 Numquam
682 2021 775 2092 enim
792 2046 813 2090 a
829 2018 1025 2118 Pomponia
1042 2030 1163 2090 nostra
1188 2015 1319 2088 certior

322 2167 401 2214 sum
425 2141 552 2243 sactus,
577 2169 668 2242 esse,
685 2145 741 2216 cui
757 2143 873 2216 literas
898 2143 980 2218 dare
996 2157 1010 2200 ⁴
1027 2165 1177 2242 possem.
1202 2141 1317 2212 Porro

323 2278 440 2336 autem
463 2291 575 2366 neque
606 2267 691 2341 mihi
724 2268 869 2367 accidit,
905 2282 945 2339 ut
974 2266 1155 2363 haberem,
1186 2265 1249 2364 qui
1281 2265 1319 2336 in

322 2390 470 2488 Epirum
504 2393 780 2490 proficisceretur
794 2389 825 2490 ⁵,
854 2417 966 2493 neque
993 2390 1078 2462 dum
1103 2404 1139 2461 te
1165 2387 1317 2461 Athenis

323 2541 397 2588 esse
423 2516 657 2590 audiebamus.

370 2641 396 2735 4
419 2642 472 2713 De
488 2642 685 2715 Acutiliano
702 2655 818 2715 autem
838 2633 979 2740 negotio
997 2639 1092 2742 quod
1108 2639 1195 2710 mihi
1211 2663 1315 2712 man-

323 2763 445 2864 daras,
475 2780 516 2838 ut
547 2769 698 2866 primum
723 2794 742 2838 a
770 2781 829 2840 tuo
856 2767 1010 2864 digressu
1034 2766 1184 2838 Romam
1209 2766 1316 2863 veni,

323 2889 560 2985 confeceram,
588 2891 651 2963 sed
675 2869 823 2989 accidit,
851 2905 890 2963 ut
915 2904 951 2963 et
975 2891 1200 2963 contentione
1228 2887 1317 2961 nihil

324 3035 413 3109 opus
438 3026 550 3111 esset,
586 3026 622 3085 et
651 3027 692 3085 ut
723 3039 808 3112 ego,
839 3015 899 3116 qui
930 3015 968 3086 in
1000 3027 1035 3085 te
1069 3015 1152 3086 satis
1177 3011 1318 3085 consilii

324 3138 502 3209 statuerim
519 3129 608 3237 esse,
627 3139 791 3213 mallem⁶
810 3139 1113 3244 Peducaeumtibi
1131 3139 1318 3211 consilium

323 3287 387 3360 per
411 3261 542 3364 literas,
568 3290 672 3365 quam
696 3292 769 3366 me,
794 3266 884 3338 dare.
902 3267 1043 3339 Etenim
1061 3290 1168 3366 quum
1185 3266 1317 3339 multos

325 3385 397 3459 dies
423 3415 521 3462 aures
545 3416 640 3463 meas
664 3389 815 3466 Acutilio
841 3389 1014 3464 dedissem
1038 3397 1160 3492 (cujus
1186 3417 1319 3465 sermo·

323 3513 377 3585 nis
410 3540 516 3610 genus
549 3517 612 3588 tibi
644 3531 768 3591 notum
788 3543 872 3590 esse
907 3517 1096 3617 arbitror),
1129 3543 1203 3589 non
1229 3516 1317 3588 mihi
1350 3587 1351 3592 ,

323 3665 427 3736 grave
453 3641 625 3714 duxissem
649 3644 797 3716 scribere
812 3656 825 3700 ⁷
843 3642 889 3714 ad
906 3655 941 3714 te
958 3642 1002 3715 de
1026 3642 1117 3715 illius
1143 3643 1320 3742 querimo-

323 3764 408 3863 niis,
433 3793 540 3867 quum
565 3793 622 3840 aas
656 3767 775 3840 audire
809 3766 928 3867 (quod
960 3781 1035 3840 erat
1065 3767 1318 3856 subodiosum)

323 3887 400 3962 leve
425 3906 609 3990 putassem.
637 3892 706 3966 Sed
732 3891 792 3966 aba
819 3905 854 3963 te
878 3893 972 3991 ipso,
992 3894 1049 3992 qui
1076 3917 1131 3963 me
1157 3916 1318 3989 accusas,
