2924 5002
328 385 397 456 302
618 405 624 418 ‘
698 406 867 456 urrsrona
894 411 939 456 m.
1101 407 1131 456 a.
1146 411 1179 456 v.
1198 411 1225 456 c.
1244 405 1295 471 694

324 537 390 584 nec
416 510 589 612 copiosius
615 511 770 610 potuisse
796 510 874 581 dici.
891 511 946 581 »Et
971 524 1005 581 te
1030 509 1100 584 boc
1123 512 1272 584 scribere
1300 540 1321 586 a

324 664 381 710 me
406 637 469 709 tibi
495 662 570 710 esse
593 637 737 710 missum
756 655 781 736 ⁷,
806 663 889 709 sane
915 636 1005 712 volo.

374 765 396 838 3
423 763 492 837 Sed
517 764 603 865 quid
627 778 666 836 tu
690 763 841 836 scribas?
867 789 971 865 quem
995 763 1066 836 iam
1091 790 1156 863 ego
1171 749 1325 864 uenire,

324 904 427 991 atque
454 890 573 964 adesse
599 890 756 964 arbitror.
790 891 844 962 lta
876 891 1049 990 enim'egi
1075 905 1191 963 tecum
1215 919 1323 992 supe-

324 1017 472 1090 rioribus
496 1016 612 1090 literis.
637 1015 751 1089 Valde
776 1030 812 1089 te
838 1031 1021 1116 exspecto,
1055 1016 1156 1092 valde
1184 1017 1323 1089 deside-

323 1169 364 1215 ro
370 1171 381 1241 3
405 1168 518 1244 neque
543 1169 607 1241 ego
633 1143 763 1241 magis,
795 1168 901 1244 quarn
925 1143 1002 1242 ipsa
1034 1169 1089 1216 res
1119 1117 1155 1214 et
1180 1157 1323 1242 tempus

324 1269 447 1368 poscit.
473 1269 538 1342 His
566 1269 609 1340 de
633 1268 781 1368 negotiis
814 1268 900 1370 quid
932 1267 1082 1342 scribam
1107 1267 1155 1340 ad
1178 1283 1228 1367 te,
1252 1269 1325 1341 uisi

324 1393 439 1492 idem,
464 1393 562 1494 quod
584 1394 710 1494 saepe?
735 1392 943 1493 Republica
970 1392 1056 1466 nihil
1082 1391 1327 1492 desperatius·⁷

323 1521 383 1619 iis,
408 1547 556 1620 quorum
581 1545 687 1620 opera
706 1521 731 1619 ⁸,
763 1519 850 1591 nihil
881 1519 1013 1593 maiore
1039 1516 1129 1591 odio.
1162 1517 1255 1616 Nos,
1282 1531 1323 1590 ut

325 1646 444 1744 opinio
451 1703 462 1744 7
487 1659 523 1717 et
547 1670 644 1745 spes,
669 1659 704 1717 et
730 1643 929 1717 coniectura
954 1657 1073 1717 nostra
1098 1643 1180 1742 sert,
1197 1643 1323 1716 firmis·

324 1772 410 1842 sima
433 1769 669 1844 benivolentia
694 1771 876 1844 hominum
902 1770 1027 1842 muniti
1052 1795 1179 1841 sumus.
1199 1769 1322 1859 Quare

324 1893 458 1966 advola.
484 1895 556 1967 Aut
581 1896 743 1996 expedies
768 1923 833 1970 nos
859 1897 956 1968 omni
982 1893 1158 1993 molestia,
1174 1907 1234 1966 aut
1251 1895 1322 1966 eris

323 2019 514 2118 particeps,
532 2020 618 2094 Ideo
643 2047 721 2094 sum
745 2021 902 2120 brevior,
928 2019 1040 2123 quod,
1059 2032 1101 2092 ut
1125 2045 1245 2119 spero,
1263 2045 1323 2091 co

321 2170 397 2217 ram
420 2143 520 2244 brevi
544 2160 703 2245 tempore
729 2148 904 2247 conferre,
929 2174 1018 2248 quae
1044 2145 1222 2243 volumus,
1239 2141 1323 2218 lice·

322 2268 382 2340 bit.
409 2270 521 2406 emp,
543 2285 582 2343 ut
610 2270 731 2346 valeas.

779 2579 855 2650 HJ·
1021 2616 1075 2677 (aa
1092 2617 1120 2674 Q.
1137 2615 1197 2661 rrae
1215 2615 1245 2672 r,
1262 2617 1297 2671 2)

321 2747 539 2842 Argumentum.
564 2773 574 2811 1
598 2751 644 2812 De
666 2751 769 2825 Statii,
783 2745 888 2830 Quinti
909 2751 1026 2824 liberti,
1047 2751 1196 2821 adventu,
1215 2748 1318 2808 homi-

359 2877 493 2938 numque
514 2857 552 2920 de
572 2880 608 2919 eo
629 2858 833 2935 sermonibus3
855 2880 872 2918 a
893 2859 931 2920 de
942 2859 1129 2919 Graecorum
1147 2858 1320 2938 provincia-

359 2960 434 3020 lium
455 2964 597 3026 adversus
623 2968 772 3042 Quintum
795 2965 942 3048 querelis,
967 2978 1155 3046 suoque·eos
1176 2962 1317 3044 placandi

297 3091 299 3096 ¹
360 3068 475 3144 studio,
496 3071 514 3130 3
535 3072 572 3132 de
592 3076 724 3133 romanis
744 3071 980 3155 negotiatoribus
1001 3073 1116 3149 Quinto
1128 3070 1228 3144 iratis;
1247 3070 1269 3144 lp
1289 3089 1320 3128 se

358 3171 433 3232 nibil
453 3177 484 3233 in
505 3177 634 3254 Quinto,
654 3182 711 3240 nisi
731 3183 874 3242 orationis
886 3177 1092 3249 acerbitatem,
1112 3175 1320 3245 iracundiam,

359 3287 390 3335 et
409 3277 561 3341 literarum
584 3283 622 3344 ad
642 3285 716 3346 alios
737 3289 895 3347 missarum
917 3283 1133 3366 indiligentiam
1153 3279 1319 3364 reprehen-

359 3380 451 3460 disse3
472 3384 492 3444 5
512 3389 613 3470 itaque
626 3401 661 3450 ut
673 3392 819 3452 eiusmodi
838 3391 978 3474 epistolas
991 3389 1089 3460 tollat,
1105 3387 1231 3448 fratrem
1246 3387 1318 3447 bor·

359 3498 454 3565 tatum
471 3491 494 3552 ,6
514 3495 548 3554 L.
569 3494 668 3557 Flavii
688 3500 835 3580 praetoris
855 3498 1000 3580 designati
1022 3494 1158 3576 querelas
1177 3494 1317 3575 exponit,

360 3595 619 3680 pobiurgationes
650 3625 718 3664 suas
750 3615 886 3678 excusat,
916 3603 936 3665 8
964 3603 1054 3664 Attali
1081 3588 1259 3683 lphemeni,
1285 3607 1317 3656 et

358 3705 466 3784 Aesopi
497 3710 632 3789 tragoedi
662 3689 816 3792 negotium
848 3709 1056 3782 commendat,
1087 3730 1109 3789 9
1138 3717 1250 3766 statum
1270 3707 1316 3762 rei

357 3807 439 3890 publ.
468 3819 602 3896 exponit,
633 3838 778 3898 suamque
809 3839 893 3900 spem
926 3819 968 3880 rei
998 3815 1143 3877 adversus
1173 3812 1316 3877 Clodium

357 3912 433 3980 bene
454 3923 597 4000 gerendae
619 3924 810 3986 demonstrat.
