2886 5000
366 448 459 542 244*
689 465 861 517 rrrsrom
884 457 1033 517 xxxvm.
1142 467 1171 518 n.
1191 471 1225 518 v.
1243 473 1271 518 c.
1287 467 1329 533 ⁶94
1441 500 1443 563 p

364 574 471 646 etiam
495 570 582 673 quid
604 573 642 643 in
667 595 704 644 re
728 568 888 671 publica,
912 596 1025 672 neque
1051 570 1165 643 solum
1191 572 1278 672 quid
1300 574 1353 645 fie-

261 675 267 698 ⁸
363 713 433 797 ret,
457 723 579 772 verum
604 696 710 780 etiam
736 695 822 796 qnid
846 696 1002 798 futurum
1018 709 1123 796 esset,
1147 696 1351 772 indicabant.
1440 683 1441 686 Ἴ

361 822 482 921 Nune,
506 823 573 895 nisi
604 824 634 895 si
660 821 746 922 quid
771 849 817 894 ex
837 835 1081 923 praetereunte
1106 823 1241 896 viatore
1266 848 1352 900 exce

360 963 463 1049 ptum
488 962 557 1047 est,
582 948 670 1024 seire
694 946 784 1022 nihil
800 972 994 1048 possumus.
1014 949 1131 1042 Quare
1149 974 1352 1050 quamquam

359 1073 430 1149 iam
447 1089 482 1148 te
495 1075 611 1174 ipsum
637 1087 815 1175 exspecto,
840 1088 959 1149 tamen
976 1075 1033 1147 isti
1050 1099 1178 1173 puero,
1195 1073 1352 1174 quemad
1440 1119 1441 1136 2

359 1226 417 1274 me
433 1202 552 1274 statim
575 1201 658 1274 iussi
675 1226 868 1300 recurrere,
886 1201 930 1273 da
955 1198 1191 1301 ponderosam
1208 1197 1352 1300 aliquam
1440 1275 1441 1280 ,

359 1325 558 1426 epistolam,
582 1325 723 1428 plenam
749 1327 906 1401 omnium
937 1352 1011 1401 nou
1034 1325 1143 1400 modo
1176 1338 1352 1425 autorum,
1440 1305 1441 1308 Ἴ

358 1451 421 1524 sed
438 1452 544 1526 etiam
561 1453 769 1552 opinionum
785 1466 941 1528 tuarum:
959 1479 1000 1526 ae
1022 1451 1131 1552 diem,
1156 1477 1229 1553 quo
1246 1453 1352 1526 Roma

357 1578 404 1650 sis
426 1578 595 1677 exiturus,
621 1605 703 1653 cura
728 1593 770 1652 ut
785 1580 902 1652 seiam.
926 1578 1000 1652 Nos
1017 1578 1054 1650 iu
1070 1576 1262 1652 Formiano
1280 1603 1352 1656 esse

356 1703 518 1776 volumus
543 1729 653 1805 usqne
681 1705 727 1778 ad
749 1705 840 1805 prid.
865 1705 956 1779 Non.
981 1704 1101 1778 Maias.
1134 1705 1189 1778 Eo
1216 1705 1244 1776 si
1277 1718 1354 1776 ante
1440 1711 1441 1720 ’

356 1853 434 1900 eam
460 1828 554 1901 diem
579 1855 652 1903 nou
674 1831 828 1930 ueneris,
852 1831 984 1906 Romae
1001 1844 1039 1902 te
1053 1832 1198 1902 fortasse
1216 1827 1353 1902 videbo.

355 1949 446 2032 Nam
469 1953 644 2053 Arpinum
669 1953 755 2058 qnid
780 1980 845 2057 ego
871 1967 907 2028 te
932 1953 1101 2030 inviteml

404 2103 544 2202 Τρηχεΐ,
567 2104 631 2176 ἀλλ’
656 2085 760 2201 ἀγαθὴ
786 2115 1002 2208 κουροτρόφος,
1026 2113 1089 2178 οὔτι
1117 2111 1208 2202 ἔγωγε

404 2235 470 2314 ‘Hc
496 2235 584 2328 γαίης
610 2233 743 2326 δύναμαι
768 2236 983 2330 γλυκερώτερον
1007 2237 1081 2306 ἄλλο
1107 2233 1242 2308 ἰδέσθαι.

332 2382 450 2456 ‘Haeo
474 2384 585 2483 igitur.
611 2385 703 2460 Cura
731 2363 772 2457 ut
796 2384 922 2462 valeas.

727 2705 730 2710 1
761 2586 959 2704 XXXIX·v
1107 2625 1270 2687 (sanun,
1287 2627 1333 2682 ,3)

350 2757 569 2836 Arguurentum.
594 2781 618 2824 ι.
646 2761 818 2843 Epistulam
845 2782 863 2821 a
889 2758 1003 2822 Tribus
1029 2758 1178 2823 Tabernis
1206 2761 1350 2841 scriptam

391 2867 453 2950 (ep.
468 2871 579 2952 xxxvr)
594 2869 693 2930 Attioo
706 2867 855 2930 redditam
868 2885 930 2928 non
943 2887 1007 2928 osse
1020 2865 1117 2938 dolet,
1131 2887 1241 2948 quam,
1255 2883 1352 2946 quum

388 2970 419 3026 in
439 2968 581 3032 fasciculo
602 2973 641 3032 ud
661 2994 693 3033 se
713 2971 851 3042 redierit,
871 2971 976 3034 referri
995 2973 1113 3032 iussisse
1134 2969 1280 3032 scribito
1297 2973 1350 3029 At—

387 3075 471 3133 ticus·
484 3095 578 3156 quum
600 3078 765 3160 scripsisset
784 3077 900 3137 Romae
919 3076 958 3138 do
980 3078 1054 3138 actis
1067 3077 1239 3158 potentium
1254 3076 1355 3146 sileri,

387 3177 492 3240 Cicero
513 3184 555 3242 ait
574 3183 661 3244 aliter
680 3204 743 3244 esse
763 3185 796 3243 in
815 3184 895 3268 agris
921 3193 952 3244 et
977 3186 1009 3246 in
1035 3183 1203 3243 Formiano
1230 3183 1352 3264 potissi*

387 3303 489 3356 mum.
509 3287 562 3352 ubi
580 3287 719 3354 ‘homines
740 3267 817 3351 illud
837 3307 964 3370 regnum
984 3287 1110 3350 moleste
1131 3287 1238 3351 ferant.

412 3462 465 3521 scr.
482 3464 509 3516 tn
526 3465 665 3526 romano
684 3469 713 3520 a.
732 3466 765 3519 ν.
780 3467 812 3525 o
830 3433 969 3535 noxum,
987 3467 1055 3520 orm
1073 3467 1122 3526 xv
1135 3467 1196 3520 aar.
1218 3470 1279 3543 apr.

640 3641 801 3717 ¹CICERO
826 3639 976 3710 ATTICO
1002 3641 1032 3706 S.

397 3850 409 3896 1
440 3823 471 3896 F
472 3827 591 3904 acinus
616 3827 812 3928 indignum!
838 3824 1039 3926 epistolam,
1064 3830 1199 3926 αὐθωρεὶ
1235 3827 1298 3900 tibi
1330 3853 1354 3898 a

342 3945 469 4026 Tribus
495 3951 667 4034 Tabernis
690 3954 904 4056 rescriptamv
921 3952 967 4030 ad
992 3966 1071 4032 tuas
1088 3954 1311 4032 suavissimas
1335 3965 1349 4002 ¹
