2886 5000
341 426 406 520 198
686 439 856 489 rrrsroen
882 443 972 488 xxix.
1072 414 1079 422 ’
1110 439 1191 489 nv.
1211 441 1294 490 cess

354 643 360 650 N
384 549 447 618 XI.
479 571 521 617 10
546 545 662 644 Atque
683 543 767 616 huic
784 556 865 614 tuae
882 541 1055 615 voluntati
1072 567 1112 614 ae
1131 541 1314 641 diligentiae

335 669 576 744 difficultatem
591 695 754 768 magnam
772 657 919 742 afferunt
938 667 1125 768 publicani.
1146 668 1278 759 Quibus
1292 671 1316 740 si

336 798 576 871 adversamur:
602 795 761 869 ordinem
787 795 830 867 de
857 794 958 867 nobis
985 795 1116 894 optime
1148 795 1318 893 meritum,

336 939 372 996 et
396 949 460 1024 per
484 949 549 997 nos
575 949 655 995 cum
680 948 717 995 re
742 921 883 1022 publica
909 921 1154 1018 coniunctum,
1178 934 1214 991 et
1231 948 1248 991 a
1265 947 1320 993 no-

335 1049 406 1149 bis,
432 1063 468 1122 et
493 1075 512 1122 a
537 1075 575 1123 re
600 1047 741 1148 publica
759 1046 975 1147 diiungemus
988 1047 1029 1118 ⁶⁵.
1048 1046 1107 1118 Sin
1127 1059 1243 1118 autem
1257 1071 1320 1118 om·

336 1175 439 1248 nibus
463 1175 502 1247 in
525 1173 630 1248 rebus
647 1172 872 1274 obsequimur
887 1176 936 1246 ⁶⁶:
962 1172 1117 1245 funditus
1133 1197 1194 1245 eos
1219 1173 1322 1272 perire

337 1301 532 1401 patiemur,
557 1325 704 1401 quorum
729 1325 803 1372 non
834 1298 943 1372 modo
976 1299 1100 1398 saluti,
1132 1298 1195 1372 sed
1227 1301 1330 1372 etiam·

339 1425 534 1499 commodis
561 1425 740 1500 consulere
767 1425 943 1498 debemus.
967 1425 1065 1498 Haec
1095 1438 1148 1498 est
1180 1451 1250 1499 una
1281 1429 1327 1515 (si

339 1578 421 1624 vere
447 1553 599 1652 cogitare
623 1550 804 1642 volumus)
827 1553 865 1624 in
890 1565 968 1624 toto
991 1551 1139 1651 imperio
1172 1564 1234 1625 tuo
1268 1551 1328 1625 dif-

339 1675 484 1757 ficultas,
520 1677 609 1752 Nam
644 1704 719 1752 esse
753 1677 1006 1777 abstinentem5
1045 1678 1226 1750 continere
1260 1705 1328 1751 om-

340 1829 403 1875 nes
428 1802 637 1904 cupiditates
645 1833 655 1904 5
680 1829 762 1876 suos
795 1815 973 1902 coercere5
1005 1804 1087 1876 iuris
1121 1803 1332 1904 aequabilem
1418 1821 1419 1824 ’

341 1931 671 2028 tenererationem5
697 1929 832 2002 facilem
850 1932 929 2002 se⁶⁷
947 1930 984 2002 in
1001 1927 1105 2004 rebus
1126 1955 1331 2028 cognoscen-
1418 2027 1419 2034 ἵ

342 2052 412 2152 dis,
436 2055 474 2126 in
490 2053 690 2128 bominibus
716 2055 898 2128 audiendis
924 2054 1220 2156 admittendisque
1239 2081 1333 2154 prae-

340 2177 440 2278 bere;
465 2181 680 2279 praeclarum
705 2183 815 2280 magis
840 2195 910 2279 est,
943 2208 1048 2282 quam
1074 2181 1224 2254 difficile.
1257 2181 1334 2254 Non
1418 2203 1419 2282 }

340 2318 395 2376 'est
420 2307 514 2378 enim
537 2309 693 2407 positum
716 2308 754 2380 in
778 2307 897 2380 labore
924 2307 1058 2409 aliquo,
1086 2306 1148 2380 sed
1181 2307 1219 2378 in
1253 2333 1335 2407 qua·

237 2413 239 2418 i
343 2429 425 2504 dam
449 2431 651 2506 inductione
677 2435 783 2506 animi
809 2447 913 2535 atque
937 2433 1127 2507 voluntate.
1153 2431 1217 2505 llla
1236 2458 1337 2505 causa
1418 2419 1419 2468 t

341 2557 610 2658 publicanorum
637 2574 804 2662 quantam
830 2559 1056 2634 acerbitatem
1074 2559 1196 2632 afferat
1220 2560 1339 2654 sociis,

340 2684 572 2761 intelleximus
597 2713 639 2758 ex
664 2686 815 2786 civibus,
840 2689 900 2789 qui
924 2712 1038 2786 nuper
1062 2686 1099 2758 in
1124 2686 1292 2785 portoriis
1308 2685 1338 2734 ⁶⁸
1418 2705 1419 2718 ¹

341 2810 461 2884 Italiae
486 2811 669 2912 tollendis,
693 2819 865 2887 nontam
891 2812 935 2886 de
959 2812 1136 2913 portorio,
1161 2838 1267 2912 quam
1298 2809 1339 2882 dc

341 2937 516 3010 nonnullis
541 2938 674 3012 iniuriis
707 2939 920 3040 portitorum
950 2936 1193 3040 querebantur.
1223 2937 1338 3028 Quare
1418 2931 1419 3000 l

341 3063 415 3133 non
439 3063 578 3165 ignoro,
604 3064 690 3166 quid
714 3066 816 3138 sociis
842 3064 980 3138 accidat
1003 3065 1041 3136 in
1066 3062 1197 3136 ultimis
1223 3061 1338 3156 terris,
1418 3105 1419 3112 κ

343 3213 449 3286 quum
475 3189 643 3264 audierim
667 3193 702 3262 in
728 3191 830 3266 Italia
868 3189 1024 3293 querelas
1055 3190 1194 3263 civium.
1220 3189 1288 3262 Hic
1306 3199 1339 3257 te

234 3343 241 3356 ·
342 3313 390 3382 ita
415 3317 561 3415 versari,
586 3329 626 3388 ut
651 3331 687 3389 et
709 3315 905 3417 publicanis
930 3315 1141 3413 satisfacias,
1166 3324 1339 3416 (praeser-
1418 3375 1419 3384 ,

342 3438 406 3508 tim
430 3439 581 3538 publicis
606 3443 697 3516 male
722 3443 914 3544 redemptis
932 3445 984 3534 69)
1018 3456 1055 3514 et
1083 3441 1198 3514 socios
1230 3438 1340 3539 perire
1418 3491 1419 3540 1

343 3587 414 3635 non
440 3565 548 3666 sinas,
571 3567 712 3642 ‘divinae
738 3569 920 3642 cuiusdam
936 3568 1074 3642 virtutis
1091 3593 1167 3639 esse
1185 3564 1344 3656 viderur,
1418 3599 1419 3620 ¹

341 3687 401 3771 lid
426 3706 479 3763 est
504 3707 613 3782 tuaeJ.
639 3696 691 3768 Ae
716 3695 869 3795 primum
890 3694 1034 3768 Graecis
1061 3691 1118 3780 (id
1135 3689 1234 3793 quod
1249 3709 1343 3760 acer·
1418 3713 1419 3754 r

342 3811 523 3888 bissimum
556 3829 631 3911 est)
665 3819 762 3920 qnod
801 3834 883 3893 sunt
915 3817 1102 3917 vectigales
1123 3835 1165 3916 7⁰,
1189 3839 1260 3888 non
1292 3810 1342 3879 ita

344 3941 508 4016 acerbum
533 3945 645 4018 videri
672 3945 794 4046 debet,
825 3949 1013 4046 propterea
1048 3941 1146 4045 quod
1178 3941 1257 4014 sine
1279 3935 1340 4006 im·
