2834 5012
305 439 420 490 mlll
682 435 934 486 unrncnvcutc

306 557 464 640 tonem3
493 537 542 618 ad
571 537 825 640 Caerelliam3
863 538 912 620 ad
943 539 990 620 L.
1018 539 1255 653 Plancum(
1283 542 1310 651 l.

305 691 468 771 Harum
495 689 679 769 omniurn
708 690 871 768 nonnisi
905 685 1124 799 fragmenta
1152 691 1311 802 aliqua,

305 866 430 950 eaque
459 836 706 935 brevissima,
726 853 959 948 supersunt.
986 839 1203 950 [ascriptas
1224 845 1313 952 qui-

305 990 397 1070 dem
426 990 485 1072 M.
515 989 638 1069 Bruti
667 984 716 1067 ad
748 987 1010 1087 Ciceronem,
1038 1001 1079 1070 et
1107 989 1312 1072 Ciceronis

304 1137 354 1218 ad
382 1140 443 1220 M.
473 1140 662 1220 'Brutum
700 1161 771 1218 sex
809 1163 931 1248 supra
958 1138 1100 1248 viginti
1129 1140 1312 1249 epistolas

303 1283 517 1388 habemus,
545 1286 695 1398 quibus
724 1284 892 1368 historia
911 1313 1048 1368 rerum
1069 1289 1193 1370 unius
1215 1294 1310 1369 anni

303 1467 400 1520 cum
433 1436 625 1540 dimidio,
666 1437 871 1519 sciliceta
900 1453 1027 1518 morte
1055 1439 1233 1520 Caesaris
1262 1437 1310 1518 ad

303 1592 481 1700 primum
510 1589 726 1672 Octaviani
768 1586 1023 1668 consulatum
1058 1591 1308 1691 continetur,

304 1736 371 1818 sed
414 1769 477 1822 eas
520 1737 653 1820 foetus
696 1765 778 1816 esse
806 1734 956 1817 horum
985 1739 1187 1839 virorum,
1216 1743 1308 1822 reli-

303 1893 496 2002 quiasque
524 1915 733 2002 germanas
754 1901 847 1968 octo
876 1885 1093 1986 librorum,
1121 1918 1224 2000 quos
1246 1919 1309 1971 sn·

303 2070 374 2152 pra
404 2042 714 2154 appellavimus,
743 2051 891 2149 negant
916 2038 1068 2148 aliquot
1088 2042 1165 2120 viri
1186 2039 1305 2123 docti.

303 2190 444 2301 Itaque
466 2220 489 2270 a
518 2204 604 2274 toto
627 2189 885 2301 epistolarum
913 2189 1118 2270 Ciceronis
1139 2217 1306 2302 corpore

303 2336 575 2441 diiunximus3
595 2344 670 2438 ita,
690 2353 822 2420 tamen
844 2353 912 2436 ut,
934 2340 1030 2450 quia
1051 2341 1305 2438 continuam,
1401 2361 1402 2372 ¹

302 2489 430 2568 immo
455 2517 719 2571 communem
740 2517 877 2570 rerum
899 2492 1168 2570 narrationem
1188 2518 1305 2602 expo

303 2650 410 2716 nunt
432 2666 529 2720 cum
552 2641 771 2737 Cicerone,
794 2655 834 2719 et
854 2614 985 2718 unum
1011 2635 1196 2719 historiae
1217 2664 1303 2746 σῶμα
1400 2727 1401 2738 Ν

302 2781 543 2889 conficiunt,
572 2819 636 2870 eas
664 2792 777 2871 iuxta
806 2789 930 2870 Tullii
958 2817 1163 2900 germanas
1188 2790 1302 2870 collo-

302 2961 496 3018 caremus.
543 2942 656 3046 Quae
699 2937 748 3018 de
789 2939 862 3018 illis
905 2941 1063 3050 proprie
1104 2938 1298 3050 disputata
1399 3031 1400 3044 ᾖ

303 3099 419 3184 sunt,
448 3112 492 3165 ea
524 3085 775 3198 praefationis
804 3089 891 3168 loco
921 3116 1126 3199 ponemus.

318 3350 383 3430 Χ(1)
406 3351 443 3413 V.
466 3352 556 3414 Andr.
577 3352 756 3414 Patricium:
779 3353 860 3435 Opp.
882 3353 922 3412 Μ.
944 3351 1026 3414 Tulli
1048 3352 1200 3414 Ciceronis
1220 3351 1296 3429 frag-
1398 3353 1399 3358 ’

301 3459 409 3509 meula.
