2886 5000
340 367 408 466 194
610 427 616 450 ,
688 385 860 437 urrsrons
887 389 979 436 xxix.
1111 382 1143 432 Δ.
1160 386 1195 433 v.
1212 387 1240 430 c.
1259 383 1309 434 ssa

334 505 370 563 et
396 487 561 590 credidit,
586 488 724 589 diligas,
748 503 789 562 ut
814 489 911 563 omni
936 487 1071 562 ratione
1090 499 1208 560 tueare
1225 487 1268 585 ⁵⁸,
1293 499 1331 558 ut

333 643 408 691 esse
434 643 538 718 quam
554 615 772 690 beatissimos
790 616 885 689 velis.
912 613 1020 707 Quod
1037 615 1066 688 si
1084 626 1118 686 te
1135 639 1210 686 sors
1227 611 1337 710 Afris,

223 816 227 822 ,
258 813 260 819 ,
332 757 393 814 aut
416 741 596 844 Hispanis,
621 755 682 816 aut
710 741 820 817 Gallis
848 741 1087 843 praefecisset,
1117 738 1328 812 immanibus

262 921 266 934 ,
330 893 372 940 ac
396 865 552 942 barbaris
577 868 794 942 nationibus:
827 882 946 941 tamen
978 879 1070 941 esset
1100 864 1344 938 humanitatis

329 1005 410 1066 tuae
417 1049 427 1092 7
453 993 633 1069 consulere
659 1021 780 1068 eorum
805 993 1017 1094 commodis,
1043 1007 1079 1065 et
1102 990 1244 1064 utilitati
1274 1017 1329 1062 sa·

327 1116 461 1220 lutique
493 1122 631 1194 servire.
663 1123 782 1214 Quum
817 1147 899 1194 vero
935 1122 967 1193 ei
998 1119 1115 1219 generi
1145 1117 1330 1189 hominum

326 1246 519 1344 praecimus
525 1301 537 1347 ‚
560 1272 636 1322 non
659 1247 767 1322 modo
792 1248 830 1320 in
855 1272 926 1348 quo
951 1246 1030 1346 ipsa
1055 1245 1115 1344 sit,
1139 1242 1328 1334 sedetiam

327 1393 348 1440 a
365 1395 436 1470 quo
453 1372 500 1446 ad
517 1372 602 1448 alios
618 1374 819 1475 pervenisse
835 1387 979 1474 putetur
995 1371 1210 1445 humanitas:
1236 1381 1331 1458 certe

325 1494 368 1568 iis
394 1522 471 1570 eam
496 1500 717 1599 potissimum
751 1499 904 1574 tribuere
938 1498 1170 1597 debemus‚a
1202 1493 1330 1597 quihus

326 1623 532 1722 accepimus.
558 1625 640 1700 Non
664 1627 759 1700 enim
778 1653 836 1700 me
852 1625 921 1700 hoc
938 1625 1010 1699 iam
1028 1623 1144 1697 dicere
1162 1619 1333 1723 pudebit,

323 1751 529 1846 praesertim
554 1753 656 1827 inea
683 1755 774 1853 vita,
801 1767 906 1856 atque
931 1751 973 1825 iis
1006 1751 1110 1825 rebus
1145 1749 1267 1850 gestis,
1292 1747 1330 1818 in

324 1873 449 1972 quibus
474 1902 546 1951 non
571 1893 693 1979 potest
722 1879 874 1954 residere
904 1879 1049 1952 inertiae
1082 1890 1144 1950 aut
1174 1873 1328 1946 levitatis

322 1997 393 2071 ulla
418 2003 587 2103 suspicio:
611 2029 677 2080 nos
703 2031 743 2080 ea
749 2061 760 2104 ,
789 2032 879 2108 quae
905 2004 1085 2079 consecuti
1109 2028 1248 2099 sumus,
1273 1999 1328 2070 his

322 2125 446 2200 studiis
471 2143 507 2200 et
532 2129 665 2204 artibus
691 2154 766 2204 esse
800 2131 969 2232 adeptos,
1001 2155 1090 2232 quae
1120 2129 1192 2200 sint
1223 2124 1328 2199 nobis

322 2251 489 2326 Graeciae
513 2257 751 2330 monumentis
769 2253 1032 2358 disciplinisque
1053 2253 1189 2328 tradita.
1208 2252 1327 2343 Quare

319 2390 459 2472 praeter
484 2405 706 2454 communem
722 2382 848 2482 fidem,
874 2407 962 2484 quae
980 2380 1142 2455 omnibus
1162 2375 1327 2473 debetur,
1348 2400 1361 2438 s

319 2515 499 2596 praeterea
524 2507 556 2572 ⁵9
580 2533 646 2580 nos
678 2509 736 2581 isti
767 2508 951 2581 hominum
985 2507 1102 2606 generi
1134 2501 1326 2605 praecipue

319 2623 446 2701 debere
464 2627 636 2732 videmur,
661 2649 717 2734 ut⁷
739 2661 887 2736 quorum
904 2633 1103 2734 praeceptis
1120 2631 1228 2704 simus
1246 2653 1323 2701 eru·

267 2835 270 2839 ,
319 2750 400 2852 diti,
425 2756 521 2856 apud
538 2785 598 2832 eos
624 2761 737 2860 ipsos,
764 2761 861 2862 quod
878 2760 921 2833 ab
939 2761 981 2834 iis
1003 2757 1245 2854 didicerimus,
1262 2780 1325 2829 ve-

316 2875 420 2952 limus
446 2908 661 2981 expromere:
698 2877 701 2881 ⁵

366 3003 413 3075 X.
437 3007 554 3107 Atque
579 3008 636 3082 ille
663 3009 805 3110 quidem
838 3009 1004 3110 princeps
1038 3007 1169 3107 ingenii
1201 3019 1239 3078 et
1264 3004 1329 3076 do-

316 3129 447 3202 ctrinae
464 3132 577 3233 Plato,
595 3149 671 3208 tum
690 3135 841 3238 denique
859 3135 933 3208 sore
949 3135 1071 3208 beatas
1088 3159 1144 3206 res
1161 3130 1327 3233 publicas

315 3257 472 3356 putavit,
496 3259 526 3330 si
553 3274 615 3334 aut
639 3261 736 3334 docti
762 3287 803 3334 ac
821 3261 997 3362 sapientes
1014 3258 1177 3334 homines
1197 3283 1255 3330 eas
1271 3279 1330 3328 re·

313 3405 394 3477 gere
420 3385 633 3486 coepissent3
659 3388 787 3486 antii,
813 3388 872 3489 qui
890 3399 1070 3485 regerent,
1096 3410 1202 3459 omne
1220 3408 1331 3457 suum

313 3504 470 3580 studium
502 3509 540 3584 in
573 3512 733 3586 doctrina
765 3539 806 3584 ao
839 3512 1011 3611 sapientia
1045 3507 1260 3583 collocarent
1275 3510 1329 3578 ⁶⁰.

311 3627 414 3706 Hauc
432 3636 717 3712 corriunctionem
734 3636 900 3712 videlicet
917 3636 1106 3738 potestatis
1125 3662 1166 3707 ac
1185 3633 1336 3734 sapien-

311 3753 380 3827 tiae
411 3757 516 3834 saluti
548 3765 684 3838 censuit
717 3763 917 3838 civitatibus
951 3789 1026 3836 csse
1061 3787 1188 3862 posse:
1222 3757 1331 3860 quod

310 3878 456 3958 tortasse
482 3886 670 3991 aliquando
695 3890 878 3965 universae
904 3887 954 3962 rei
982 3886 1145 3988 publicae
1162 3897 1336 3979 nostrae,
