<?xml version="1.0" encoding="UTF-8"?>
<!DOCTYPE html PUBLIC "-//W3C//DTD XHTML 1.0 Transitional//EN"
    "http://www.w3.org/TR/xhtml1/DTD/xhtml1-transitional.dtd">
<html xmlns="http://www.w3.org/1999/xhtml" xml:lang="en" lang="en">
 <head>
  <title>
</title>
<meta http-equiv="Content-Type" content="text/html;charset=utf-8" />
  <meta name='ocr-system' content='tesseract 3.04.00' />
  <meta name='ocr-capabilities' content='ocr_page ocr_carea ocr_par ocr_line ocrx_word'/>
</head>
<body>
  <div class='ocr_page' id='page_1' title='image "./mtulliiciceroni76cicegoog/mtulliiciceroni76cicegoog_0215.png"; bbox 0 0 2886 5000; ppageno 0'>
   <div class='ocr_carea' id='block_1_1' title="bbox 274 427 1425 4044">
    <p class='ocr_par' dir='ltr' id='par_1_1' title="bbox 364 427 1325 498">
     <span class='ocr_line' id='line_1_1' title="bbox 364 427 1325 498; baseline -0.01 0"><span class='ocrx_word' id='word_1_1' title='bbox 364 427 431 498; x_wconf 80' lang='lat'><strong>180</strong></span> <span class='ocrx_word' id='word_1_2' title='bbox 710 439 880 494; x_wconf 78' lang='lat' dir='ltr'><strong>errsrom</strong></span> <span class='ocrx_word' id='word_1_3' title='bbox 904 441 996 496; x_wconf 74' lang='lat' dir='ltr'><strong>xxut</strong></span> <span class='ocrx_word' id='word_1_4' title='bbox 1133 437 1215 492; x_wconf 64' lang='lat' dir='ltr'><strong>av.</strong></span> <span class='ocrx_word' id='word_1_5' title='bbox 1234 439 1325 492; x_wconf 76' lang='lat' dir='ltr'><strong>com</strong></span> 
     </span>
    </p>

    <p class='ocr_par' dir='ltr' id='par_1_2' title="bbox 274 535 1350 1021">
     <span class='ocr_line' id='line_1_2' title="bbox 274 535 1350 643; baseline -0.007 -22"><span class='ocrx_word' id='word_1_6' title='bbox 274 535 276 540; x_wconf 36' lang='lat'>⁵</span> <span class='ocrx_word' id='word_1_7' title='bbox 359 542 625 643; x_wconf 81' lang='lat' dir='ltr'><strong>eiusdemmodi,</strong></span> <span class='ocrx_word' id='word_1_8' title='bbox 649 555 685 614; x_wconf 94' lang='lat' dir='ltr'><strong>et</strong></span> <span class='ocrx_word' id='word_1_9' title='bbox 710 543 883 618; x_wconf 88' lang='lat' dir='ltr'><strong>committi</strong></span> <span class='ocrx_word' id='word_1_10' title='bbox 899 555 935 614; x_wconf 87' lang='lat' dir='ltr'><strong>et</strong></span> <span class='ocrx_word' id='word_1_11' title='bbox 952 538 1047 616; x_wconf 91' lang='lat' dir='ltr'><strong>credi</strong></span> <span class='ocrx_word' id='word_1_12' title='bbox 1072 542 1264 614; x_wconf 78' lang='lat' dir='ltr'><strong>rectissime</strong></span> <span class='ocrx_word' id='word_1_13' title='bbox 1288 568 1350 642; x_wconf 78' lang='lat' dir='ltr'><strong>pu-</strong></span> 
     </span>
     <span class='ocr_line' id='line_1_3' title="bbox 359 665 1350 778; baseline -0.007 -33"><span class='ocrx_word' id='word_1_14' title='bbox 359 687 440 745; x_wconf 86' lang='lat' dir='ltr'><strong>tem.</strong></span> <span class='ocrx_word' id='word_1_15' title='bbox 466 669 535 744; x_wconf 89' lang='lat' dir='ltr'><strong>Sed</strong></span> <span class='ocrx_word' id='word_1_16' title='bbox 560 669 589 742; x_wconf 83' lang='lat' dir='ltr'><strong>si</strong></span> <span class='ocrx_word' id='word_1_17' title='bbox 614 668 691 778; x_wconf 84' lang='lat' dir='ltr'><strong>quis</strong></span> <span class='ocrx_word' id='word_1_18' title='bbox 717 681 786 766; x_wconf 78' lang='lat' dir='ltr'><strong>est,</strong></span> <span class='ocrx_word' id='word_1_19' title='bbox 811 667 848 739; x_wconf 93' lang='lat' dir='ltr'><strong>in</strong></span> <span class='ocrx_word' id='word_1_20' title='bbox 874 693 944 768; x_wconf 92' lang='lat' dir='ltr'><strong>quo</strong></span> <span class='ocrx_word' id='word_1_21' title='bbox 976 667 1046 739; x_wconf 88' lang='lat' dir='ltr'><strong>iam</strong></span> <span class='ocrx_word' id='word_1_22' title='bbox 1078 665 1281 766; x_wconf 83' lang='lat' dir='ltr'><strong>offenderis,</strong></span> <span class='ocrx_word' id='word_1_23' title='bbox 1306 665 1350 738; x_wconf 89' lang='lat' dir='ltr'><strong>de</strong></span> 
     </span>
     <span class='ocr_line' id='line_1_4' title="bbox 359 790 1350 906; baseline -0.009 -36"><span class='ocrx_word' id='word_1_24' title='bbox 359 824 430 906; x_wconf 90' lang='lat' dir='ltr'><strong>quo</strong></span> <span class='ocrx_word' id='word_1_25' title='bbox 455 793 586 906; x_wconf 83' lang='lat' dir='ltr'><strong>aliquid</strong></span> <span class='ocrx_word' id='word_1_26' title='bbox 615 793 761 866; x_wconf 89' lang='lat' dir='ltr'><strong>senseris</strong></span> <span class='ocrx_word' id='word_1_27' title='bbox 767 819 778 892; x_wconf 78' lang='lat'>3</span> <span class='ocrx_word' id='word_1_28' title='bbox 810 792 892 865; x_wconf 91' lang='lat' dir='ltr'><strong>huic</strong></span> <span class='ocrx_word' id='word_1_29' title='bbox 922 790 1009 867; x_wconf 86' lang='lat' dir='ltr'><strong>nihil</strong></span> <span class='ocrx_word' id='word_1_30' title='bbox 1041 790 1245 890; x_wconf 79' lang='lat' dir='ltr'><strong>credideris,</strong></span> <span class='ocrx_word' id='word_1_31' title='bbox 1276 790 1350 869; x_wconf 58' lang='lat' dir='ltr'><strong>nul,</strong></span> 
     </span>
     <span class='ocr_line' id='line_1_5' title="bbox 357 918 1231 1021; baseline -0.006 -26"><span class='ocrx_word' id='word_1_32' title='bbox 357 922 428 1006; x_wconf 80' lang='lat' dir='ltr'><strong>lam</strong></span> <span class='ocrx_word' id='word_1_33' title='bbox 452 936 589 1021; x_wconf 87' lang='lat' dir='ltr'><strong>partem</strong></span> <span class='ocrx_word' id='word_1_34' title='bbox 613 919 878 1000; x_wconf 75' lang='lat' dir='ltr'><strong>existimationis</strong></span> <span class='ocrx_word' id='word_1_35' title='bbox 902 932 983 993; x_wconf 91' lang='lat' dir='ltr'><strong>tuae</strong></span> <span class='ocrx_word' id='word_1_36' title='bbox 1009 918 1231 990; x_wconf 85' lang='lat' dir='ltr'><strong>commiseris.</strong></span> 
     </span>
    </p>

    <p class='ocr_par' dir='ltr' id='par_1_3' title="bbox 405 1044 1351 1145">
     <span class='ocr_line' id='line_1_6' title="bbox 405 1044 1351 1145; baseline -0.004 -27"><span class='ocrx_word' id='word_1_37' title='bbox 405 1048 449 1120; x_wconf 87' lang='lat' dir='ltr'><strong>V.</strong></span> <span class='ocrx_word' id='word_1_38' title='bbox 476 1047 498 1120; x_wconf 93' lang='lat'>5</span> <span class='ocrx_word' id='word_1_39' title='bbox 524 1048 566 1118; x_wconf 92' lang='lat' dir='ltr'><strong>In</strong></span> <span class='ocrx_word' id='word_1_40' title='bbox 590 1044 772 1144; x_wconf 87' lang='lat' dir='ltr'><strong>provincia</strong></span> <span class='ocrx_word' id='word_1_41' title='bbox 789 1069 874 1117; x_wconf 89' lang='lat' dir='ltr'><strong>vero</strong></span> <span class='ocrx_word' id='word_1_42' title='bbox 890 1044 986 1143; x_wconf 83' lang='lat' dir='ltr'><strong>ipsa,</strong></span> <span class='ocrx_word' id='word_1_43' title='bbox 1011 1045 1040 1119; x_wconf 90' lang='lat' dir='ltr'><strong>si</strong></span> <span class='ocrx_word' id='word_1_44' title='bbox 1060 1068 1163 1145; x_wconf 90' lang='lat' dir='ltr'><strong>quem</strong></span> <span class='ocrx_word' id='word_1_45' title='bbox 1177 1045 1208 1092; x_wconf 77' lang='lat'><strong>³²</strong></span> <span class='ocrx_word' id='word_1_46' title='bbox 1226 1068 1264 1116; x_wconf 91' lang='lat' dir='ltr'><strong>es</strong></span> <span class='ocrx_word' id='word_1_47' title='bbox 1291 1069 1351 1116; x_wconf 81' lang='lat' dir='ltr'><strong>na-</strong></span> 
     </span>
    </p>

    <p class='ocr_par' dir='ltr' id='par_1_4' title="bbox 340 1167 1425 4044">
     <span class='ocr_line' id='line_1_7' title="bbox 358 1167 1352 1272; baseline -0.005 -26"><span class='ocrx_word' id='word_1_48' title='bbox 358 1185 452 1269; x_wconf 81' lang='lat' dir='ltr'><strong>etus,</strong></span> <span class='ocrx_word' id='word_1_49' title='bbox 478 1172 537 1272; x_wconf 91' lang='lat' dir='ltr'><strong>qui</strong></span> <span class='ocrx_word' id='word_1_50' title='bbox 562 1172 599 1248; x_wconf 91' lang='lat' dir='ltr'><strong>in</strong></span> <span class='ocrx_word' id='word_1_51' title='bbox 624 1184 720 1248; x_wconf 86' lang='lat' dir='ltr'><strong>tuam</strong></span> <span class='ocrx_word' id='word_1_52' title='bbox 751 1167 1018 1250; x_wconf 76' lang='lat' dir='ltr'><strong>familiaritatem</strong></span> <span class='ocrx_word' id='word_1_53' title='bbox 1034 1170 1174 1268; x_wconf 73' lang='lat' dir='ltr'><strong>penitis</strong></span> <span class='ocrx_word' id='word_1_54' title='bbox 1200 1169 1352 1267; x_wconf 80' lang='lat' dir='ltr'><strong>intrarit,</strong></span> 
     </span>
     <span class='ocr_line' id='line_1_8' title="bbox 340 1271 1354 1398; baseline -0.003 -30"><span class='ocrx_word' id='word_1_55' title='bbox 340 1271 344 1281; x_wconf 23' lang='lat' dir='ltr'><strong><em>s</em></strong></span> <span class='ocrx_word' id='word_1_56' title='bbox 359 1299 419 1398; x_wconf 91' lang='lat' dir='ltr'><strong>qui</strong></span> <span class='ocrx_word' id='word_1_57' title='bbox 430 1295 533 1370; x_wconf 93' lang='lat' dir='ltr'><strong>nohis</strong></span> <span class='ocrx_word' id='word_1_58' title='bbox 547 1309 627 1376; x_wconf 87' lang='lat' dir='ltr'><strong>ante</strong></span> <span class='ocrx_word' id='word_1_59' title='bbox 644 1294 746 1368; x_wconf 81' lang='lat' dir='ltr'><strong>luerit</strong></span> <span class='ocrx_word' id='word_1_60' title='bbox 762 1297 902 1394; x_wconf 87' lang='lat' dir='ltr'><strong>ignotus</strong></span> <span class='ocrx_word' id='word_1_61' title='bbox 907 1323 919 1393; x_wconf 75' lang='lat'>3</span> <span class='ocrx_word' id='word_1_62' title='bbox 933 1294 1015 1369; x_wconf 91' lang='lat' dir='ltr'><strong>huic</strong></span> <span class='ocrx_word' id='word_1_63' title='bbox 1029 1307 1198 1395; x_wconf 86' lang='lat' dir='ltr'><strong>quantum</strong></span> <span class='ocrx_word' id='word_1_64' title='bbox 1211 1292 1354 1367; x_wconf 55' lang='lat' dir='ltr'><strong>credens</strong></span> 
     </span>
     <span class='ocr_line' id='line_1_9' title="bbox 358 1419 1352 1522; baseline -0.002 -29"><span class='ocrx_word' id='word_1_65' title='bbox 358 1421 445 1494; x_wconf 89' lang='lat' dir='ltr'><strong>dum</strong></span> <span class='ocrx_word' id='word_1_66' title='bbox 468 1422 533 1519; x_wconf 82' lang='lat' dir='ltr'><strong>sit,</strong></span> <span class='ocrx_word' id='word_1_67' title='bbox 558 1421 655 1496; x_wconf 86' lang='lat' dir='ltr'><strong>vide:</strong></span> <span class='ocrx_word' id='word_1_68' title='bbox 680 1446 753 1494; x_wconf 89' lang='lat' dir='ltr'><strong>non</strong></span> <span class='ocrx_word' id='word_1_69' title='bbox 779 1421 863 1522; x_wconf 92' lang='lat' dir='ltr'><strong>quin</strong></span> <span class='ocrx_word' id='word_1_70' title='bbox 888 1421 1026 1519; x_wconf 76' lang='lat' dir='ltr'><strong>possint</strong></span> <span class='ocrx_word' id='word_1_71' title='bbox 1050 1419 1152 1498; x_wconf 83' lang='lat' dir='ltr'><strong>multi</strong></span> <span class='ocrx_word' id='word_1_72' title='bbox 1178 1445 1255 1492; x_wconf 89' lang='lat' dir='ltr'><strong>esse</strong></span> <span class='ocrx_word' id='word_1_73' title='bbox 1271 1445 1352 1519; x_wconf 49' lang='lat' dir='ltr'><strong>prce</strong></span> 
     </span>
     <span class='ocr_line' id='line_1_10' title="bbox 357 1544 1353 1644; baseline -0.001 -26"><span class='ocrx_word' id='word_1_74' title='bbox 357 1544 523 1618; x_wconf 83' lang='lat' dir='ltr'><strong>viuciales</strong></span> <span class='ocrx_word' id='word_1_75' title='bbox 539 1546 605 1618; x_wconf 91' lang='lat' dir='ltr'><strong>viri</strong></span> <span class='ocrx_word' id='word_1_76' title='bbox 621 1545 727 1644; x_wconf 80' lang='lat' dir='ltr'><strong>boni3</strong></span> <span class='ocrx_word' id='word_1_77' title='bbox 752 1545 815 1617; x_wconf 86' lang='lat' dir='ltr'><strong>sed</strong></span> <span class='ocrx_word' id='word_1_78' title='bbox 840 1545 909 1618; x_wconf 86' lang='lat' dir='ltr'><strong>hoc</strong></span> <span class='ocrx_word' id='word_1_79' title='bbox 926 1569 1066 1644; x_wconf 90' lang='lat' dir='ltr'><strong>sperare</strong></span> <span class='ocrx_word' id='word_1_80' title='bbox 1083 1544 1183 1643; x_wconf 80' lang='lat' dir='ltr'><strong>licet,</strong></span> <span class='ocrx_word' id='word_1_81' title='bbox 1200 1545 1353 1617; x_wconf 90' lang='lat' dir='ltr'><strong>iudicare</strong></span> 
     </span>
     <span class='ocr_line' id='line_1_11' title="bbox 356 1669 1353 1772; baseline 0.001 -30"><span class='ocrx_word' id='word_1_82' title='bbox 356 1669 591 1772; x_wconf 86' lang='lat' dir='ltr'><strong>periculosum</strong></span> <span class='ocrx_word' id='word_1_83' title='bbox 615 1684 678 1749; x_wconf 71' lang='lat' dir='ltr'><strong>est,</strong></span> <span class='ocrx_word' id='word_1_84' title='bbox 703 1670 824 1749; x_wconf 84' lang='lat' dir='ltr'><strong>Multis</strong></span> <span class='ocrx_word' id='word_1_85' title='bbox 848 1670 941 1750; x_wconf 86' lang='lat' dir='ltr'><strong>enim</strong></span> <span class='ocrx_word' id='word_1_86' title='bbox 966 1669 1226 1748; x_wconf 88' lang='lat' dir='ltr'><strong>simulationum</strong></span> <span class='ocrx_word' id='word_1_87' title='bbox 1251 1671 1353 1743; x_wconf 44' lang='lat' dir='ltr'><strong>invoa</strong></span> 
     </span>
     <span class='ocr_line' id='line_1_12' title="bbox 356 1793 1354 1896; baseline -0.001 -29"><span class='ocrx_word' id='word_1_88' title='bbox 356 1795 461 1876; x_wconf 82' lang='lat' dir='ltr'><strong>lucris</strong></span> <span class='ocrx_word' id='word_1_89' title='bbox 483 1797 626 1894; x_wconf 82' lang='lat' dir='ltr'><strong>tegitur,</strong></span> <span class='ocrx_word' id='word_1_90' title='bbox 651 1809 687 1868; x_wconf 92' lang='lat' dir='ltr'><strong>et</strong></span> <span class='ocrx_word' id='word_1_91' title='bbox 704 1797 802 1896; x_wconf 89' lang='lat' dir='ltr'><strong>quasi</strong></span> <span class='ocrx_word' id='word_1_92' title='bbox 820 1793 905 1868; x_wconf 89' lang='lat' dir='ltr'><strong>velis</strong></span> <span class='ocrx_word' id='word_1_93' title='bbox 923 1795 1132 1896; x_wconf 88' lang='lat' dir='ltr'><strong>quibusdam</strong></span> <span class='ocrx_word' id='word_1_94' title='bbox 1149 1794 1354 1868; x_wconf 86' lang='lat' dir='ltr'><strong>obtenditur</strong></span> 
     </span>
     <span class='ocr_line' id='line_1_13' title="bbox 357 1919 1353 2022; baseline -0.001 -28"><span class='ocrx_word' id='word_1_95' title='bbox 357 1921 627 2022; x_wconf 83' lang='lat' dir='ltr'><strong>uniuscuiusque</strong></span> <span class='ocrx_word' id='word_1_96' title='bbox 658 1934 803 1993; x_wconf 90' lang='lat' dir='ltr'><strong>natura:</strong></span> <span class='ocrx_word' id='word_1_97' title='bbox 836 1919 948 2020; x_wconf 76' lang='lat' dir='ltr'><strong>srons,</strong></span> <span class='ocrx_word' id='word_1_98' title='bbox 983 1919 1092 2020; x_wconf 78' lang='lat' dir='ltr'><strong>oculi,</strong></span> <span class='ocrx_word' id='word_1_99' title='bbox 1125 1919 1241 2000; x_wconf 89' lang='lat' dir='ltr'><strong>vultus</strong></span> <span class='ocrx_word' id='word_1_100' title='bbox 1275 1947 1353 2022; x_wconf 73' lang='lat' dir='ltr'><strong>per·</strong></span> 
     </span>
     <span class='ocr_line' id='line_1_14' title="bbox 358 2037 1352 2146; baseline 0 -28"><span class='ocrx_word' id='word_1_101' title='bbox 358 2069 464 2145; x_wconf 82' lang='lat' dir='ltr'><strong>saepe</strong></span> <span class='ocrx_word' id='word_1_102' title='bbox 487 2046 725 2145; x_wconf 80' lang='lat' dir='ltr'><strong>mentiuntur3</strong></span> <span class='ocrx_word' id='word_1_103' title='bbox 747 2037 859 2128; x_wconf 76' lang='lat' dir='ltr'><strong>oratio</strong></span> <span class='ocrx_word' id='word_1_104' title='bbox 885 2072 968 2119; x_wconf 85' lang='lat' dir='ltr'><strong>vero</strong></span> <span class='ocrx_word' id='word_1_105' title='bbox 986 2047 1195 2146; x_wconf 89' lang='lat' dir='ltr'><strong>saepissime.</strong></span> <span class='ocrx_word' id='word_1_106' title='bbox 1221 2047 1352 2142; x_wconf 65' lang='lat' dir='ltr'><strong>Quam«</strong></span> 
     </span>
     <span class='ocr_line' id='line_1_15' title="bbox 357 2171 1355 2271; baseline -0.004 -24"><span class='ocrx_word' id='word_1_107' title='bbox 357 2171 492 2269; x_wconf 78' lang='lat' dir='ltr'><strong>obrem,</strong></span> <span class='ocrx_word' id='word_1_108' title='bbox 519 2172 578 2271; x_wconf 92' lang='lat' dir='ltr'><strong>qui</strong></span> <span class='ocrx_word' id='word_1_109' title='bbox 593 2185 706 2270; x_wconf 89' lang='lat' dir='ltr'><strong>&#39;potes</strong></span> <span class='ocrx_word' id='word_1_110' title='bbox 731 2172 883 2270; x_wconf 83' lang='lat' dir='ltr'><strong>reperire</strong></span> <span class='ocrx_word' id='word_1_111' title='bbox 901 2174 934 2230; x_wconf 64' lang='lat'><strong>³³</strong></span> <span class='ocrx_word' id='word_1_112' title='bbox 959 2199 1002 2256; x_wconf 78' lang='lat' dir='ltr'><strong>err</strong></span> <span class='ocrx_word' id='word_1_113' title='bbox 1026 2198 1068 2245; x_wconf 92' lang='lat' dir='ltr'><strong>eo</strong></span> <span class='ocrx_word' id='word_1_114' title='bbox 1095 2197 1218 2271; x_wconf 83' lang='lat' dir='ltr'><strong>genere</strong></span> <span class='ocrx_word' id='word_1_115' title='bbox 1243 2172 1355 2250; x_wconf 70' lang='lat' dir='ltr'><strong>homi</strong></span> 
     </span>
     <span class='ocr_line' id='line_1_16' title="bbox 356 2295 1355 2396; baseline 0.002 -30"><span class='ocrx_word' id='word_1_116' title='bbox 356 2320 460 2394; x_wconf 82' lang='lat' dir='ltr'><strong>rrum,</strong></span> <span class='ocrx_word' id='word_1_117' title='bbox 485 2297 544 2396; x_wconf 93' lang='lat' dir='ltr'><strong>qui</strong></span> <span class='ocrx_word' id='word_1_118' title='bbox 569 2298 738 2395; x_wconf 76' lang='lat' dir='ltr'><strong>pecuniae</strong></span> <span class='ocrx_word' id='word_1_119' title='bbox 764 2295 957 2396; x_wconf 88' lang='lat' dir='ltr'><strong>cupiditate</strong></span> <span class='ocrx_word' id='word_1_120' title='bbox 983 2297 1126 2378; x_wconf 83' lang='lat' dir='ltr'><strong>adducti</strong></span> <span class='ocrx_word' id='word_1_121' title='bbox 1144 2311 1287 2378; x_wconf 80' lang='lat' dir='ltr'><strong>careant</strong></span> <span class='ocrx_word' id='word_1_122' title='bbox 1300 2297 1355 2372; x_wconf 80' lang='lat' dir='ltr'><strong>liis</strong></span> 
     </span>
     <span class='ocr_line' id='line_1_17' title="bbox 357 2419 1352 2524; baseline 0.007 -33"><span class='ocrx_word' id='word_1_123' title='bbox 357 2419 461 2492; x_wconf 91' lang='lat' dir='ltr'><strong>rebus</strong></span> <span class='ocrx_word' id='word_1_124' title='bbox 494 2421 678 2520; x_wconf 80' lang='lat' dir='ltr'><strong>omnibus,</strong></span> <span class='ocrx_word' id='word_1_125' title='bbox 711 2449 730 2494; x_wconf 90' lang='lat' dir='ltr'><strong>a</strong></span> <span class='ocrx_word' id='word_1_126' title='bbox 764 2423 889 2524; x_wconf 89' lang='lat' dir='ltr'><strong>quibus</strong></span> <span class='ocrx_word' id='word_1_127' title='bbox 922 2449 987 2496; x_wconf 91' lang='lat' dir='ltr'><strong>nos</strong></span> <span class='ocrx_word' id='word_1_128' title='bbox 1021 2423 1147 2498; x_wconf 80' lang='lat' dir='ltr'><strong>divulsi</strong></span> <span class='ocrx_word' id='word_1_129' title='bbox 1172 2450 1246 2496; x_wconf 91' lang='lat' dir='ltr'><strong>esse</strong></span> <span class='ocrx_word' id='word_1_130' title='bbox 1282 2447 1352 2498; x_wconf 87' lang='lat' dir='ltr'><strong>non</strong></span> 
     </span>
     <span class='ocr_line' id='line_1_18' title="bbox 357 2549 1425 2650; baseline 0 -31"><span class='ocrx_word' id='word_1_131' title='bbox 357 2571 542 2648; x_wconf 92' lang='lat' dir='ltr'><strong>possumus</strong></span> <span class='ocrx_word' id='word_1_132' title='bbox 549 2604 562 2648; x_wconf 54' lang='lat'>2</span> <span class='ocrx_word' id='word_1_133' title='bbox 584 2562 619 2621; x_wconf 89' lang='lat' dir='ltr'><strong>te</strong></span> <span class='ocrx_word' id='word_1_134' title='bbox 637 2562 772 2648; x_wconf 71' lang='lat' dir='ltr'><strong>autem,</strong></span> <span class='ocrx_word' id='word_1_135' title='bbox 788 2549 938 2632; x_wconf 74' lang='lat' dir='ltr'><strong>ahenum</strong></span> <span class='ocrx_word' id='word_1_136' title='bbox 957 2549 1152 2650; x_wconf 78' lang='lat' dir='ltr'><strong>homiuem,</strong></span> <span class='ocrx_word' id='word_1_137' title='bbox 1177 2563 1297 2621; x_wconf 89' lang='lat' dir='ltr'><strong>ament</strong></span> <span class='ocrx_word' id='word_1_138' title='bbox 1314 2574 1352 2620; x_wconf 81' lang='lat' dir='ltr'><strong>ex</strong></span> <span class='ocrx_word' id='word_1_139' title='bbox 1424 2583 1425 2594; x_wconf 47' lang='lat'>¹</span> 
     </span>
     <span class='ocr_line' id='line_1_19' title="bbox 359 2649 1353 2772; baseline 0.001 -29"><span class='ocrx_word' id='word_1_140' title='bbox 359 2649 492 2772; x_wconf 74' lang='lat' dir='ltr'><strong>animo,</strong></span> <span class='ocrx_word' id='word_1_141' title='bbox 516 2700 557 2750; x_wconf 85' lang='lat' dir='ltr'><strong>ac</strong></span> <span class='ocrx_word' id='word_1_142' title='bbox 582 2699 655 2746; x_wconf 90' lang='lat' dir='ltr'><strong>non</strong></span> <span class='ocrx_word' id='word_1_143' title='bbox 676 2675 729 2747; x_wconf 92' lang='lat' dir='ltr'><strong>sui</strong></span> <span class='ocrx_word' id='word_1_144' title='bbox 746 2675 924 2758; x_wconf 83' lang='lat' dir='ltr'><strong>commodi</strong></span> <span class='ocrx_word' id='word_1_145' title='bbox 941 2702 1044 2756; x_wconf 84' lang='lat' dir='ltr'><strong>causa</strong></span> <span class='ocrx_word' id='word_1_146' title='bbox 1062 2675 1250 2748; x_wconf 68' lang='lat' dir='ltr'><strong>simulent?</strong></span> <span class='ocrx_word' id='word_1_147' title='bbox 1267 2673 1353 2748; x_wconf 86' lang='lat' dir='ltr'><strong>Mihi</strong></span> 
     </span>
     <span class='ocr_line' id='line_1_20' title="bbox 359 2791 1352 2903; baseline 0.009 -36"><span class='ocrx_word' id='word_1_148' title='bbox 359 2797 501 2897; x_wconf 85' lang='lat' dir='ltr'><strong>quidem</strong></span> <span class='ocrx_word' id='word_1_149' title='bbox 527 2825 755 2903; x_wconf 87' lang='lat' dir='ltr'><strong>permagnum</strong></span> <span class='ocrx_word' id='word_1_150' title='bbox 785 2799 940 2882; x_wconf 77' lang='lat' dir='ltr'><strong>videtur:</strong></span> <span class='ocrx_word' id='word_1_151' title='bbox 964 2791 1168 2900; x_wconf 80' lang='lat' dir='ltr'><strong>praesertim</strong></span> <span class='ocrx_word' id='word_1_152' title='bbox 1192 2802 1221 2874; x_wconf 88' lang='lat' dir='ltr'><strong>si</strong></span> <span class='ocrx_word' id='word_1_153' title='bbox 1249 2799 1352 2876; x_wconf 86' lang='lat' dir='ltr'><strong>iidem</strong></span> 
     </span>
     <span class='ocr_line' id='line_1_21' title="bbox 359 2919 1353 3030; baseline 0.002 -37"><span class='ocrx_word' id='word_1_154' title='bbox 359 2919 518 3000; x_wconf 84' lang='lat' dir='ltr'><strong>honunes</strong></span> <span class='ocrx_word' id='word_1_155' title='bbox 543 2925 718 3022; x_wconf 89' lang='lat' dir='ltr'><strong>privatum</strong></span> <span class='ocrx_word' id='word_1_156' title='bbox 745 2950 818 3000; x_wconf 90' lang='lat' dir='ltr'><strong>non</strong></span> <span class='ocrx_word' id='word_1_157' title='bbox 836 2925 905 2998; x_wconf 81' lang='lat' dir='ltr'><strong>lere</strong></span> <span class='ocrx_word' id='word_1_158' title='bbox 926 2952 1151 3030; x_wconf 79' lang='lat' dir='ltr'><strong>quemquam,</strong></span> <span class='ocrx_word' id='word_1_159' title='bbox 1176 2938 1353 3024; x_wconf 85' lang='lat' dir='ltr'><strong>praetores</strong></span> 
     </span>
     <span class='ocr_line' id='line_1_22' title="bbox 360 3051 1356 3154; baseline 0.009 -36"><span class='ocrx_word' id='word_1_160' title='bbox 360 3071 497 3147; x_wconf 89' lang='lat' dir='ltr'><strong>semper</strong></span> <span class='ocrx_word' id='word_1_161' title='bbox 520 3073 642 3126; x_wconf 89' lang='lat' dir='ltr'><strong>omnes</strong></span> <span class='ocrx_word' id='word_1_162' title='bbox 668 3065 787 3124; x_wconf 88' lang='lat' dir='ltr'><strong>amant</strong></span> <span class='ocrx_word' id='word_1_163' title='bbox 805 3051 846 3124; x_wconf 76' lang='grc'><strong>34.</strong></span> <span class='ocrx_word' id='word_1_164' title='bbox 872 3054 952 3154; x_wconf 87' lang='lat' dir='ltr'><strong>Quo</strong></span> <span class='ocrx_word' id='word_1_165' title='bbox 978 3077 1170 3151; x_wconf 83' lang='lat' dir='ltr'><strong>exgenere</strong></span> <span class='ocrx_word' id='word_1_166' title='bbox 1195 3053 1224 3124; x_wconf 92' lang='lat' dir='ltr'><strong>si</strong></span> <span class='ocrx_word' id='word_1_167' title='bbox 1251 3075 1356 3153; x_wconf 87' lang='lat' dir='ltr'><strong>quem</strong></span> 
     </span>
     <span class='ocr_line' id='line_1_23' title="bbox 360 3169 1355 3281; baseline 0.01 -39"><span class='ocrx_word' id='word_1_168' title='bbox 360 3169 450 3244; x_wconf 84' lang='lat' dir='ltr'><strong>forte</strong></span> <span class='ocrx_word' id='word_1_169' title='bbox 484 3173 535 3244; x_wconf 91' lang='lat' dir='ltr'><strong>tui</strong></span> <span class='ocrx_word' id='word_1_170' title='bbox 567 3178 727 3281; x_wconf 83' lang='lat' dir='ltr'><strong>cognosti</strong></span> <span class='ocrx_word' id='word_1_171' title='bbox 764 3179 1008 3277; x_wconf 79' lang='lat' dir='ltr'><strong>amantiorem,</strong></span> <span class='ocrx_word' id='word_1_172' title='bbox 1041 3179 1133 3268; x_wconf 85' lang='lat' dir='ltr'><strong>(fieri</strong></span> <span class='ocrx_word' id='word_1_173' title='bbox 1164 3179 1256 3252; x_wconf 88' lang='lat' dir='ltr'><strong>enim</strong></span> <span class='ocrx_word' id='word_1_174' title='bbox 1288 3200 1355 3276; x_wconf 56' lang='lat' dir='ltr'><strong>po*</strong></span> 
     </span>
     <span class='ocr_line' id='line_1_24' title="bbox 359 3297 1356 3402; baseline 0.004 -35"><span class='ocrx_word' id='word_1_175' title='bbox 359 3297 443 3388; x_wconf 90' lang='lat' dir='ltr'><strong>tuit)</strong></span> <span class='ocrx_word' id='word_1_176' title='bbox 470 3325 573 3399; x_wconf 90' lang='lat' dir='ltr'><strong>quam</strong></span> <span class='ocrx_word' id='word_1_177' title='bbox 599 3304 783 3402; x_wconf 85' lang='lat' dir='ltr'><strong>temporis:</strong></span> <span class='ocrx_word' id='word_1_178' title='bbox 809 3303 901 3378; x_wconf 90' lang='lat' dir='ltr'><strong>hunc</strong></span> <span class='ocrx_word' id='word_1_179' title='bbox 928 3331 1011 3378; x_wconf 88' lang='lat' dir='ltr'><strong>vero</strong></span> <span class='ocrx_word' id='word_1_180' title='bbox 1045 3303 1091 3378; x_wconf 82' lang='lat' dir='ltr'><strong>ad</strong></span> <span class='ocrx_word' id='word_1_181' title='bbox 1120 3319 1260 3378; x_wconf 88' lang='lat' dir='ltr'><strong>tuorum</strong></span> <span class='ocrx_word' id='word_1_182' title='bbox 1292 3327 1356 3372; x_wconf 65' lang='lat' dir='ltr'><strong>nu«</strong></span> 
     </span>
     <span class='ocr_line' id='line_1_25' title="bbox 357 3423 1355 3514; baseline 0.005 -20"><span class='ocrx_word' id='word_1_183' title='bbox 357 3446 493 3500; x_wconf 88' lang='lat' dir='ltr'><strong>merum</strong></span> <span class='ocrx_word' id='word_1_184' title='bbox 510 3426 541 3474; x_wconf 80' lang='lat'><strong>³⁵</strong></span> <span class='ocrx_word' id='word_1_185' title='bbox 565 3423 714 3502; x_wconf 87' lang='lat' dir='ltr'><strong>libenter</strong></span> <span class='ocrx_word' id='word_1_186' title='bbox 747 3430 944 3514; x_wconf 84' lang='lat' dir='ltr'><strong>adscribito</strong></span> <span class='ocrx_word' id='word_1_187' title='bbox 978 3432 1038 3503; x_wconf 92' lang='lat' dir='ltr'><strong>Sin</strong></span> <span class='ocrx_word' id='word_1_188' title='bbox 1071 3445 1188 3510; x_wconf 84' lang='lat' dir='ltr'><strong>autern</strong></span> <span class='ocrx_word' id='word_1_189' title='bbox 1218 3430 1254 3501; x_wconf 93' lang='lat' dir='ltr'><strong>id</strong></span> <span class='ocrx_word' id='word_1_190' title='bbox 1280 3439 1355 3501; x_wconf 85' lang='lat' dir='ltr'><strong>non</strong></span> 
     </span>
     <span class='ocr_line' id='line_1_26' title="bbox 358 3549 1415 3656; baseline 0.004 -36"><span class='ocrx_word' id='word_1_191' title='bbox 358 3549 566 3652; x_wconf 79' lang='lat' dir='ltr'><strong>perspicies:</strong></span> <span class='ocrx_word' id='word_1_192' title='bbox 591 3552 725 3636; x_wconf 88' lang='lat' dir='ltr'><strong>nullum</strong></span> <span class='ocrx_word' id='word_1_193' title='bbox 752 3558 817 3630; x_wconf 91' lang='lat' dir='ltr'><strong>erit</strong></span> <span class='ocrx_word' id='word_1_194' title='bbox 842 3559 952 3656; x_wconf 84' lang='lat' dir='ltr'><strong>genus‘</strong></span> <span class='ocrx_word' id='word_1_195' title='bbox 974 3559 1010 3638; x_wconf 91' lang='lat' dir='ltr'><strong>in</strong></span> <span class='ocrx_word' id='word_1_196' title='bbox 1035 3557 1263 3638; x_wconf 79' lang='lat' dir='ltr'><strong>familiaritate</strong></span> <span class='ocrx_word' id='word_1_197' title='bbox 1297 3580 1354 3625; x_wconf 64' lang='lat' dir='ltr'><strong>ca÷</strong></span> <span class='ocrx_word' id='word_1_198' title='bbox 1414 3599 1415 3612; x_wconf 35' lang='lat' dir='ltr'><strong>a</strong></span> 
     </span>
     <span class='ocr_line' id='line_1_27' title="bbox 359 3674 1356 3786; baseline 0.002 -38"><span class='ocrx_word' id='word_1_199' title='bbox 359 3674 515 3749; x_wconf 87' lang='lat' dir='ltr'><strong>vandum</strong></span> <span class='ocrx_word' id='word_1_200' title='bbox 547 3681 681 3778; x_wconf 78' lang='lat' dir='ltr'><strong>magis3</strong></span> <span class='ocrx_word' id='word_1_201' title='bbox 713 3697 896 3782; x_wconf 82' lang='lat' dir='ltr'><strong>propterea</strong></span> <span class='ocrx_word' id='word_1_202' title='bbox 929 3685 1025 3786; x_wconf 91' lang='lat' dir='ltr'><strong>quod</strong></span> <span class='ocrx_word' id='word_1_203' title='bbox 1057 3698 1092 3758; x_wconf 90' lang='lat' dir='ltr'><strong>et</strong></span> <span class='ocrx_word' id='word_1_204' title='bbox 1123 3708 1245 3758; x_wconf 87' lang='lat' dir='ltr'><strong>omnes</strong></span> <span class='ocrx_word' id='word_1_205' title='bbox 1278 3680 1356 3753; x_wconf 84' lang='lat' dir='ltr'><strong>vias</strong></span> 
     </span>
     <span class='ocr_line' id='line_1_28' title="bbox 359 3804 1359 3908; baseline 0.004 -35"><span class='ocrx_word' id='word_1_206' title='bbox 359 3804 528 3900; x_wconf 91' lang='lat' dir='ltr'><strong>pecuniae</strong></span> <span class='ocrx_word' id='word_1_207' title='bbox 544 3821 693 3905; x_wconf 79' lang='lat' dir='ltr'><strong>norunt,</strong></span> <span class='ocrx_word' id='word_1_208' title='bbox 717 3822 753 3880; x_wconf 89' lang='lat' dir='ltr'><strong>et</strong></span> <span class='ocrx_word' id='word_1_209' title='bbox 767 3810 881 3885; x_wconf 84' lang='lat' dir='ltr'><strong>omnia</strong></span> <span class='ocrx_word' id='word_1_210' title='bbox 899 3812 1067 3908; x_wconf 92' lang='lat' dir='ltr'><strong>pecuniae</strong></span> <span class='ocrx_word' id='word_1_211' title='bbox 1084 3837 1186 3884; x_wconf 92' lang='lat' dir='ltr'><strong>causa</strong></span> <span class='ocrx_word' id='word_1_212' title='bbox 1202 3807 1359 3903; x_wconf 80' lang='lat' dir='ltr'><strong>faciunt,</strong></span> 
     </span>
     <span class='ocr_line' id='line_1_29' title="bbox 361 3933 1411 4044; baseline 0 -36"><span class='ocrx_word' id='word_1_213' title='bbox 361 3943 413 4037; x_wconf 50' lang='lat' dir='ltr'><strong>et?</strong></span> <span class='ocrx_word' id='word_1_214' title='bbox 445 3933 585 4041; x_wconf 83' lang='lat' dir='ltr'><strong>quicum</strong></span> <span class='ocrx_word' id='word_1_215' title='bbox 610 3935 737 4016; x_wconf 85' lang='lat' dir='ltr'><strong>victuri</strong></span> <span class='ocrx_word' id='word_1_216' title='bbox 770 3962 841 4018; x_wconf 81' lang='lat' dir='ltr'><strong>uon</strong></span> <span class='ocrx_word' id='word_1_217' title='bbox 874 3953 972 4044; x_wconf 72' lang='lat' dir='ltr'><strong>suut²</strong></span> <span class='ocrx_word' id='word_1_218' title='bbox 1004 3940 1077 4018; x_wconf 84' lang='lat' dir='ltr'><strong>eius</strong></span> <span class='ocrx_word' id='word_1_219' title='bbox 1108 3935 1355 4022; x_wconf 74' lang='lat' dir='ltr'><strong>existimationi</strong></span> <span class='ocrx_word' id='word_1_220' title='bbox 1410 3973 1411 4019; x_wconf 44' lang='grc' dir='ltr'>ι</span> 
     </span>
    </p>
   </div>
   <div class='ocr_carea' id='block_1_2' title="bbox 0 0 1449 5000">
    <p class='ocr_par' dir='ltr' id='par_1_5' title="bbox 0 0 1449 5000">
     <span class='ocr_line' id='line_1_30' title="bbox 0 0 1449 5000; baseline 0 0"><span class='ocrx_word' id='word_1_221' title='bbox 0 0 1449 5000; x_wconf 95' lang='lat' dir='ltr'><strong> </strong></span> 
     </span>
    </p>
   </div>
  </div>
 </body>
</html>
