2932 5000
538 407 574 452 IN
603 403 796 454 EPISTOLAS

166 533 204 593 ¹9
225 509 274 568 Sic
288 505 466 568 coniiciebat
478 505 662 580 Lambinus,
682 509 793 568 omisso
807 516 924 566 tament
936 516 994 579 est,
1015 508 1100 568 etsie
1113 507 1165 568 dc-

204 616 248 676 dit
266 614 372 674 Bosius
386 633 421 674 ex
434 615 611 684 Decurtato‚
623 625 654 674 et
667 613 760 694 vulgo
773 623 928 694 receptum
943 623 995 672 est.
1011 611 1098 674 snb.
1118 613 1167 685 16,

207 743 240 803 17
262 732 292 782 et
311 721 378 781 edd.
400 731 471 782 vett.
492 719 575 780 Nitit
593 741 639 780 me
649 719 833 803 fortunatius
845 730 875 780 et
890 717 1006 790 Catulo.
1024 717 1091 780 ttd.
1109 740 1165 780 ati-

203 837 263 888 tem
285 827 357 888 nillil
375 847 421 886 me
441 825 652 908 infhnunotius'
665 839 696 886 et
717 825 840 898 Catulo,
864 845 996 907 quorum
1020 835 1166 886 neutrum

202 955 266 996 esse
285 944 393 1016 potest.
415 933 602 994 Fortunatus
623 954 657 994 ex
678 931 806 994 historia
826 933 885 992 dici
906 942 1006 1014 potest
1025 931 1167 1003 Catulus,

86 1073 98 1096 ι
203 1041 255 1122 qui
283 1061 363 1102 anno
390 1042 530 1123 proximo
565 1041 720 1122 superiore
751 1039 934 1114 decesserat;
964 1038 1165 1104 inicitunatus

202 1149 328 1221 Cicero,
349 1151 402 1231 qui
422 1148 497 1210 haec
517 1151 707 1210 miseriarum
727 1148 899 1230 plenissima
914 1145 1037 1208 videret.
1060 1146 1165 1226 Itaque

203 1255 371 1318 Lambinus
392 1267 422 1317 et
443 1241 553 1317 Schiitz
573 1258 664 1316 etiam
683 1275 766 1336 seqq.
781 1263 992 1328 correxerunt,
1012 1251 1166 1333 ediditque

204 1362 254 1422 ille
276 1375 336 1423 tum
348 1364 449 1423 mortis
464 1375 609 1444 tempore,
627 1361 678 1422 hic
692 1372 793 1422 autern
808 1375 867 1423 tum
881 1381 1004 1422 cccmus
1024 1371 1165 1440 tempore,

201 1471 327 1552 propius
347 1472 432 1530 mstis
453 1482 482 1530 et
502 1470 648 1551 vulgatis,
669 1470 722 1550 qui
742 1469 847 1550 legunt
868 1479 929 1529 tunc
948 1468 1003 1528 hoo
1028 1478 1164 1548 tenrpote.

162 1594 202 1635 20
223 1575 272 1635 Sic
292 1575 364 1636 Ern.
387 1575 489 1657 Vulgo
509 1575 762 1657 ltonestissrineque
789 1586 818 1636 et
836 1572 866 1634 d.
887 1595 917 1636 n.
936 1591 1044 1652 magna
1073 1591 1164 1642 cura,

202 1680 255 1741 ubi
275 1695 303 1742 et
324 1693 435 1744 temere
456 1684 670 1766 transpositum
692 1702 755 1744 esse
778 1667 851 1744 iidtt
871 1683 932 1742 iam
953 1679 1033 1742 idem
1053 1677 1126 1740 Ern.

639 1926 689 1986 LI.
781 1951 784 1962 ·

164 2133 175 2171 1
201 2111 271 2173 Scil.
290 2133 338 2173 me
359 2111 445 2173 illum
466 2111 613 2175 laudasse.

161 2237 179 2276 2
201 2219 250 2278 Sic
271 2221 487 2302 rescripserunt
511 2219 585 2280 Ern.
611 2231 643 2280 et
670 2219 827 2281 Schiitzius
857 2240 913 2302 pro
941 2218 1023 2298 vulg.
1044 2215 1163 2276 mollem

199 2325 243 2386 ad
260 2325 344 2386 illum
362 2328 531 2408 scripsisses.
554 2325 762 2410 Opponuntur
782 2349 843 2400 me,
867 2329 970 2410 ipsum.
992 2323 1078 2393 Hane
1099 2335 1164 2382 sen-

201 2433 325 2492 tentiam
352 2435 471 2515 egregie
496 2435 636 2516 explanat
668 2435 830 2496 Graevius:
859 2435 974 2495 Atticus
1005 2432 1165 2512 scripserat

202 2536 258 2598 sibi
281 2540 428 2623 voluptati
449 2540 541 2601 fuisse
561 2561 713 2613 summae,
734 2541 815 2622 quod
837 2562 871 2600 ex
893 2541 1045 2600 Ciceronis
1070 2536 1164 2597 literis

201 2649 311 2708 certior
330 2648 434 2708 fuisset
460 2648 555 2708 factus
582 2647 619 2709 de
640 2649 786 2710 Varronis
814 2647 940 2708 Officiis.
969 2644 1028 2706 Sed
1057 2643 1163 2703 Ciceiu

203 2753 379 2836 respondet,
393 2775 424 2816 se
437 2755 593 2830 maluisse,
608 2733 642 2818 ut
654 2754 731 2818 haec
743 2757 907 2837 scripsisset
922 2752 961 2814 ad
975 2752 1165 2820 Varronem,

198 2880 262 2919 non
282 2860 321 2922 ad
341 2882 380 2922 se.

159 2965 178 3023 3
199 2965 266 3024 Non
287 2968 358 3046 quia
372 2987 496 3050 prorsus
510 2981 655 3052 praestet,
675 2970 759 3053 quod
780 2973 885 3052 cupio,
907 2966 958 3052 sed
973 2968 1045 3049 quia
1058 2965 1164 3034 faciat,

199 3070 282 3161 quod
301 3083 407 3154 potest.
432 3073 555 3136 Corrad.
578 3075 660 3136 Haec
681 3076 865 3139 addiderunt
884 3075 991 3138 Bosius
1014 3084 1044 3134 et
1057 3069 1163 3135 Lamb.
1184 3141 1194 3150 ξ

197 3197 232 3237 ex
255 3179 399 3240 Tornaes.
420 3182 495 3241 Nam
516 3184 575 3242 tria
596 3191 669 3244 extri
691 3183 800 3245 absunt
820 3181 905 3244 libris
920 3179 1079 3252 omnibus,
1100 3199 1165 3239 om-

200 3286 251 3344 nia
279 3307 353 3347 vero
380 3286 427 3348 ed.
448 3287 575 3350 Aldinae
601 3311 660 3352 non
681 3311 739 3373 quo
758 3289 892 3372 smeret,
919 3288 972 3350 scd
992 3299 1023 3350 ut
1034 3285 1166 3368 faceret3

199 3389 284 3450 nulla
305 3403 385 3452 certe
406 3395 528 3454 iactura.

155 3497 177 3572 4
199 3495 230 3555 Si
251 3501 389 3578 proxima
409 3499 502 3560 verba
522 3519 580 3562 non
600 3523 659 3584 quo
671 3502 805 3586 sorem,
826 3503 879 3564 sed
900 3516 932 3564 ut
935 3502 1054 3584 faceret
1061 3543 1070 3570 ,
1092 3499 1163 3558 reti·

197 3621 284 3674 neas,
305 3601 430 3685 intelligi
452 3604 542 3666 debet
567 3607 605 3667 de
632 3613 822 3670 cunctatione
845 3611 993 3672 Varronis
1023 3609 1054 3666 in
1075 3607 1162 3664 satis-

197 3707 350 3781 faciendo,
379 3713 469 3770 etiam
490 3715 515 3772 si
536 3712 608 3774 alies
630 3714 737 3777 Cicero
759 3717 815 3777 sibi
837 3738 900 3777 esse
932 3712 1118 3774 satisfactum
1146 3731 1163 3768 a

197 3811 339 3874 Varrone
359 3815 483 3892 scriliat3
504 3839 551 3899 ep.
572 3819 705 3892 XLVII,
725 3823 761 3898 lp:
777 3815 807 3882 ¹si
824 3843 896 3882 vero
911 3821 1024 3910 delens3
1045 3817 1081 3876 de
1096 3833 1163 3875 mo-

199 3916 285 3978 ribus
305 3919 436 3984 hominis
458 3923 620 4006 capiendus
642 3926 725 3988 locus
747 3931 822 4001 erit,
842 3927 924 4009 quod
948 3947 1016 3988 cum
1040 3923 1112 3985 Eun.
1135 3931 1164 3980 ct
