2932 5000
522 431 559 479 ιιι
585 427 775 480 narsronrs
1074 391 1155 487 363'

147 553 183 598 ιο
204 533 292 596 amb.
320 531 369 606 16,
390 533 503 616 aliique
523 532 593 593 libri
614 533 716 616 scripti
731 543 762 594 et
775 529 822 593 ed.
837 530 925 592 Rom.
940 552 1010 594 cum
1025 533 1104 595 nido
1117 547 1147 613 et

183 639 291 702 Lamb.
309 640 463 721 integritus.
485 638 564 700 Illud
577 649 646 722 apte
658 638 791 700 defendit
803 639 965 712 Graevius,
985 650 1147 724 propterea

183 747 267 830 quod
284 749 314 806 in
335 767 373 808 eo
393 755 438 806 est
459 745 580 818 Cicero,
600 757 636 806 ut
656 745 767 807 indicet
787 745 919 808 Atticum
946 767 1009 808 non
1034 759 1146 822 asmoe,

184 863 219 914 ut
234 851 443 936 suspicabatur
463 853 608 931 Quintus,
629 851 681 914 scd
701 854 844 935 ingenue,
865 851 947 934 quod
961 853 1023 914 scil.
1037 852 1147 914 abhor-

185 969 266 1020 reret
279 957 318 1019 ab
339 957 506 1020 honoribus
526 957 669 1042 publicis,
688 957 821 1020 noluisse
841 961 871 1018 in
891 958 1080 1040 provinciam
1094 961 1147 1020 ire.

153 1084 184 1125 ιι
212 1064 281 1125 Hoc
305 1065 463 1126 Ernestius
483 1067 582 1136 uncis,
602 1075 637 1125 ut
662 1066 817 1147 spurium,
837 1064 970 1142 inclusit3
990 1064 1148 1126 Schtituius

185 1171 297 1232 omisit.
312 1171 379 1233 Hoc
390 1183 480 1254 pacto
494 1169 661 1232 omittenda
680 1180 776 1232 essent
796 1170 929 1254 aliquae,
950 1193 1028 1254 quae
1042 1171 1147 1233 viden·

186 1288 238 1338 tur
264 1279 456 1362 repetitiones
477 1279 507 1339 in
529 1299 575 1362 ep.
597 1276 746 1352 CXXVI,
769 1299 799 1338 r:
819 1277 907 1340 Nosti
924 1279 1001 1340 enim
1023 1279 1149 1362 reliquos

186 1381 289 1460 ludos,
308 1387 359 1468 qui
468 1385 645 1458 habroerunt,
664 1385 747 1469 quod
769 1385 864 1448 solent
888 1383 1047 1448 nrediocres
1071 1384 1149 1461 ἱιιάίς

185 1489 283 1564 CLII,
309 1512 339 1552 r:
358 1489 436 1554 diem
462 1493 533 1554 scito
560 1514 622 1554 esse
650 1493 780 1568 nultum,
801 1513 860 1576 quo
886 1490 952 1568 dr'e3
976 1501 1006 1554 et
1032 1491 1090 1553 alia
1117 1491 1148 1552 id

182 1618 288 1680 genus.
629 1661 636 1672 ,

145 1724 182 1765 12
204 1704 256 1765 Sic
274 1703 380 1765 Bosius
401 1727 436 1766 ex
456 1705 580 1767 Decurt.
607 1716 638 1767 et
664 1705 810 1768 Tornaes.
837 1727 928 1788 quem
957 1707 1050 1768 secuti
1078 1714 1149 1766 sunt

184 1810 385 1872 Gruteruset
405 1809 474 1872 seh.
495 1811 587 1895 Vulg.
608 1813 638 1873 in
655 1811 778 1894 publica
797 1831 837 1872 re.

144 1917 182 1978 13
203 1916 260 1977 Ed.
280 1917 368 1978 Rom.
389 1907 525 2000 aliaeqire
538 1918 738 1999 negligentem,
758 1917 841 2000 quod
854 1915 1023 1999 Maiaspina
1037 1926 1148 1977 tuetur.

148 2025 187 2102 ¹4
206 2023 264 2086 Ed.
292 2024 381 2086 Rom.
409 2034 440 2086 et
461 2025 553 2086 Herv.
580 2025 853 2088 incommodatum.
877 2025 959 2084 Tum
984 2044 1043 2108 pro
1067 2021 1148 2082 duri-

184 2128 235 2191 dio
253 2129 359 2192 Bosius
383 2141 415 2191 et
441 2131 589 2192 Gruterus
610 2151 627 2192 e
647 2151 716 2194 mss.
744 2129 911 2207 discidium
939 2129 1023 2213 quod
1046 2141 1149 2190 tamen

184 2236 317 2298 alienum
337 2247 382 2298 est
402 2235 441 2298 ab
461 2236 521 2298 hoc
542 2237 619 2298 ioco.
640 2236 803 2299 Dissidirun
822 2249 867 2298 est
892 2239 1064 2298 animorum
1090 2235 1149 2294 dis·

184 2344 297 2415 sensio,
316 2341 470 2404 discidium
492 2364 656 2428 corporum
677 2343 852 2416 distractio,
872 2342 955 2426 quod
977 2344 1067 2404 etiam
1091 2361 1149 2424 pro

185 2447 318 2510 divortio
338 2459 511 2534 usurpatur.

105 2559 109 2574 '
147 2553 187 2615 15
207 2553 343 2616 subaudi
355 2555 490 2640 fuerumt.
509 2556 582 2618 Mox
602 2556 778 2638 reh'gionem.
801 2555 839 2618 Η.
860 2575 886 2616 e.
898 2555 1059 2617 inviolatae
1077 2552 1149 2619 fidei

184 2663 372 2722 sanctitatem
393 2664 526 2724 amicitia
544 2673 647 2724 nostra
668 2661 870 2728 conservabit.

135 2765 187 2827 ἰ6
208 2769 290 2846 Quia
315 2771 459 2832 nimirum
485 2772 601 2832 Atticus
628 2781 660 2833 et
688 2771 794 2832 Cicero
821 2791 857 2831 ex
883 2771 1015 2852 equestri
1043 2766 1149 2828 ordine

186 2886 285 2936 erant,
301 2876 373 2964 Μρι
393 2877 514 2938 mollem
535 2876 692 2951 dimotos,
710 2890 747 2940 ut
767 2880 799 2940 in
819 2899 866 2961 ep.
886 2876 1008 2950 XXIX,
1023 2895 1075 2950 ro;
1095 2872 1148 2934 sed

187 2982 288 3043 invitis
308 2982 393 3046 libris
413 2983 489 3045 nihii
509 2995 605 3047 muto.

148 3107 185 3169 ¹7
208 3087 370 3150 Pecunrirm
389 3089 558 3174 Maiaspina
577 3113 595 3152 a
615 3092 676 3153 suis
699 3109 770 3153 mss.
795 3101 826 3152 et
851 3088 959 3151 Lamb.
986 3087 1148 3149 aMemm.

188 3192 314 3276 aliisque
334 3195 438 3258 abesse
458 3205 624 3271 testantur,
643 3207 674 3259 et
686 3197 772 3259 abest
784 3199 914 3269 nostris,
934 3207 964 3258 et
976 3194 1023 3257 ed.
1044 3193 1151 3265 Rom„

147 3371 149 3382 ,
189 3299 272 3380 quod
292 3302 414 3377 Lamb.,
434 3303 522 3365 Grut.
543 3315 574 3366 et
594 3305 725 3366 Graevio
739 3304 867 3387 placuit3
889 3303 920 3364 id
940 3313 1043 3364 tamen
1070 3320 1150 3362 sern-

186 3425 243 3486 per
263 3407 293 3466 in
302 3406 369 3468 ‘hac
381 3409 478 3470 forma
499 3409 628 3472 additur.
649 3410 808 3473 Pecuniam
819 3411 1015 3495 accepissent,
1035 3407 1097 3468 scii.
1119 3407 1150 3465 in

189 3511 301 3574 iudicio
322 3514 435 3592 Clodii,
456 3536 502 3598 ep.
524 3536 589 3600 sup.
612 3537 639 3577 2.

152 3617 191 3680 18
214 3619 418 3682 inverecunde
437 3624 531 3694 enim,
551 3621 583 3709 h,
603 3643 629 3684 e.
649 3624 841 3706 impudenter
860 3623 958 3683 secere
978 3619 1072 3682 videri
1093 3637 1151 3701 po·

189 3735 270 3786 terat
290 3727 411 3801 Cicero,
433 3731 485 3811 qui
506 3748 574 3790 reos
596 3733 732 3813 compti
753 3730 855 3793 iudicii
871 3731 986 3812 equites
1006 3729 1038 3787 in
1048 3733 1153 3787 senatu
1238 3781 1245 3792 ,

191 3831 378 3895 defendebas
398 3835 566 3897 Defendere
585 3845 687 3900 temen
709 3838 765 3899 sub
786 3837 846 3899 hoc
866 3844 1003 3920 respectu
1016 3839 1153 3915 poterat,

192 3939 289 4020 quod,
317 3943 369 4022 qui
396 3963 431 4004 ex
452 3924 601 4006 senatorio
621 3955 651 4006 et
671 3965 705 4008 ex
727 3944 845 4028 plebeio
867 3942 973 4004 ordine
994 3936 1151 4009 sedebant,
1199 3957 1202 3962 ·
