2834 5012
338 358 384 432 50
699 375 869 426 narsrona
895 380 966 426 xrv.
1116 341 1192 427 Μ’.
1211 380 1238 425 e.
1257 380 1303 440 691

327 483 385 556 ria
409 506 513 554 nemo
538 503 692 580 uuquam
716 477 753 551 in
778 477 894 577 aliquo
920 479 1122 576 magistratu
1143 494 1172 544 ¹9
1197 479 1325 578 impro-

332 609 494 681 bissimus
511 607 596 681 civis
613 603 757 678 affectus
774 617 844 701 est,
869 629 910 676 ea
926 629 983 676 me
1001 603 1180 677 consulem
1197 604 1325 702 affecit,

334 760 442 836 quum
466 729 743 832 rempublicam
769 755 1028 804 conservassem
1045 747 1094 830 ²⁰3
1126 745 1231 832 atque
1272 729 1326 802 ab·

332 874 473 934 euntem
489 859 693 958 magistratu
711 857 890 930 concionis
908 856 1090 930 habendae
1110 869 1286 956 potestate
1299 872 1325 906 ²¹

329 986 496 1086 privavit,
525 985 622 1057 cuius
646 983 772 1056 iniuria
796 981 883 1056 mihi
908 997 1026 1056 tamen
1043 982 1172 1076 honori
1190 1008 1325 1054 summo

248 1097 249 1106 ἵ
287 1152 289 1160 .
328 1111 402 1182 fuit.
429 1111 522 1187 Nam
547 1135 655 1212 quum
678 1106 736 1182 ille
762 1108 849 1182 mibi
873 1108 977 1209 nibil,
1003 1111 1069 1182 nisi
1095 1124 1134 1182 ut
1157 1110 1327 1206 iurarem,

327 1237 555 1336 permitteret,
570 1260 697 1334 magna
708 1259 796 1311 voce
809 1236 921 1310 iuravi
936 1235 1153 1310 verissimum
1167 1233 1325 1335 pulcher·

327 1362 522 1463 limumque
546 1360 787 1435 iusiurandum
800 1378 847 1460 ²²,
884 1359 982 1463 quod
1005 1360 1159 1461 populus
1184 1358 1323 1432 idem²³

326 1511 453 1587 magna
479 1514 565 1562 voce
589 1514 646 1559 me
668 1513 749 1560 vere
765 1489 896 1562 iurasse
922 1488 1059 1562 iuravit.
1084 1488 1161 1562 Hac
1180 1500 1325 1587 accepta
1408 1523 1409 1534 κ

326 1626 400 1686 tam
421 1613 549 1712 insigni
573 1590 709 1714 iniuria,
736 1627 854 1688 tamen
887 1613 947 1686 illo
980 1615 1058 1713 ipso
1085 1612 1142 1684 die
1174 1611 1255 1684 misi
1284 1609 1326 1684 ad
1408 1669 1409 1676 .

326 1737 506 1811 Metellum
523 1737 769 1811 communes²4
783 1740 929 1836 amicos,
945 1740 1005 1840 qui
1022 1751 1164 1837 agerent
1177 1763 1260 1810 cum
1278 1763 1327 1836 eo,

324 1876 365 1934 ut
391 1864 434 1935 de
459 1863 519 1936 illa
542 1877 660 1937 mente
679 1863 871 1941 desisteret.
898 1862 1036 1956 Quibus
1053 1863 1110 1935 ille
1127 1863 1328 1963 respondit,

324 1988 390 2062 sibi
415 2015 488 2062 non
514 2015 588 2062 esse
613 1990 797 2088 integrum.
825 1991 969 2063 Etenim
993 1987 1112 2090 paullo
1133 2002 1215 2062 ante
1234 1989 1326 2062 dixe·

322 2128 378 2186 rat
401 2116 438 2186 in
465 2101 649 2217 concione,
666 2118 699 2187 ei
716 2117 758 2215 ²⁵,
784 2117 844 2216 qui
863 2115 899 2188 in
918 2115 1003 2189 alios
1021 2114 1326 2190 animadvertisset

321 2240 453 2313 indicta
479 2268 583 2314 causa
596 2246 639 2341 ²⁶,
666 2241 806 2316 dicendi
833 2243 901 2342 ipsi
925 2255 1141 2343 potestatem
1157 2243 1234 2314 ficri
1251 2267 1324 2316 non

321 2380 494 2465 oportere.
519 2368 709 2440 Hominem
726 2395 867 2466 gravem
884 2385 914 2434 ²⁷
944 2382 979 2440 et
996 2371 1108 2441 civem
1129 2369 1323 2467 egregium!

320 2494 396 2593 qui,
422 2520 490 2594 qua
515 2519 631 2594 poena
656 2508 816 2592 senatus,
842 2520 1014 2568 consensu
1046 2495 1224 2568 honorum
1250 2521 1326 2568 om·

317 2618 431 2718 nium,
456 2645 516 2694 eos
542 2619 722 2720 affecerat,
748 2621 807 2722 qni
835 2618 960 2692 urbem
984 2619 1188 2721 incendere,
1214 2621 1323 2720 magi·

317 2757 444 2818 stratus
470 2773 511 2819 ac
535 2760 695 2820 senatum
714 2747 746 2798 2⁸
769 2746 962 2832 trucidare,
980 2745 1112 2818 bellum
1127 2749 1322 2821 maximum

317 2869 468 2942 conflare
497 2872 707 2971 voluissent,
733 2873 856 2944 eadem
875 2871 1018 2970 dignum
1035 2872 1207 2947 iudicaret
1226 2903 1326 2975 eum,

315 2996 374 3096 qui
401 2997 532 3068 curiam.
557 2996 680 3096 caede,
705 2999 830 3071 urbem
855 2999 1043 3100 incendiis,
1066 2999 1206 3073 Italiam
1223 3000 1321 3073 bello

312 3119 498 3194 liberasset.
524 3124 647 3224 Itaque
664 3150 729 3223 ego
746 3123 907 3225 Metello,
926 3126 1023 3200 fratri
1041 3140 1118 3226 tue,
1134 3130 1318 3227 praesenti

312 3247 424 3319 restiti
432 3263 472 3318 ²9.
489 3247 581 3323 Nam
597 3251 635 3322 in
652 3265 775 3324 senatu
792 3251 962 3325 Kalendis
979 3253 1148 3326 Ianuariis
1165 3254 1216 3326 sie
1235 3281 1322 3326 cum

312 3398 354 3444 eo
382 3374 426 3446 de
450 3402 487 3448 re
511 3374 651 3477 publica
678 3377 872 3478 disputavi,
896 3393 938 3451 ut
954 3381 1113 3479 sentiret,
1139 3380 1209 3453 sibi
1229 3406 1317 3453 cum

310 3499 387 3573 viro
412 3501 493 3574 forti
517 3517 555 3576 et
580 3506 754 3578 constanti
773 3531 846 3580 esse
865 3506 1112 3605 pugnandum.
1128 3507 1168 3580 A.
1188 3505 1221 3579 d.
1242 3521 1318 3580 ter·
1408 3543 1409 3548 ¹

309 3627 398 3700 tium
418 3629 537 3703 Nonas
555 3633 731 3705 Ianuarias
750 3659 859 3734 quum
875 3659 976 3731 agere
994 3634 1184 3734 coepisset,
1202 3637 1316 3708 tertio

309 3746 448 3855 quoque
474 3757 581 3831 verbo
607 3760 775 3832 orationis
801 3785 883 3832 suae
900 3785 956 3831 me
978 3758 1196 3860 appellabat,
1221 3759 1318 3832 mihi

307 3878 521 3983 minabatur,
547 3911 659 3987 neque
684 3883 733 3958 illi
760 3885 950 3986 quidquam
977 3886 1200 3960 deliberatius
1225 3885 1315 3984 fuit,
