2886 5000
320 450 388 540 248
695 467 866 517 urrsroua
892 469 945 517 xa.
1095 465 1125 514 a.
1143 470 1176 517 v.
1195 468 1223 514 c.
1241 463 1292 527 694

444 697 501 750 Ser.
519 697 546 748 iu
564 684 702 750 Formiano
720 695 749 745 Α.
769 691 801 747 V.
822 694 851 747 C.
873 689 1014 760 DCXOEV,
1032 707 1100 746 men.
1120 695 1181 764 Apr.

626 883 771 948 CICERO
796 881 953 946 ATTICO
975 885 1008 961 S..
1033 961 1038 974 ⁸

370 1099 381 1146 r
413 1072 590 1166 Quantam
616 1085 654 1144 tu
679 1057 765 1144 mihi
797 1094 919 1144 moves
945 1069 1244 1168 exspectationem
1275 1065 1318 1142 de

313 1226 473 1274 sermone
497 1198 634 1272 Bibuli?
659 1210 827 1299 quantam
851 1195 896 1270 de
931 1195 1107 1295 colloquio
1138 1196 1319 1282 βοώπιδοςὶ

314 1338 480 1428 quantam
505 1319 612 1414 etiam
638 1324 682 1396 de
707 1323 769 1396 illo
787 1322 938 1395 delicato
958 1321 1144 1396 convivio?
1160 1321 1317 1394 Proinde

313 1454 362 1525 ita
395 1452 465 1550 fac,
497 1452 615 1524 venias
647 1449 722 1522 ad¹
751 1433 908 1522 sitientes
943 1431 1051 1520 aures,
1092 1448 1319 1547 Quamquam

314 1575 400 1650 nihil
425 1583 478 1650 e'st
502 1578 591 1662 iam,
619 1575 716 1676 quod
741 1576 850 1673 magis
887 1573 1082 1646 timendum
1115 1573 1220 1646 nobis
1253 1600 1317 1673 pu-

313 1718 384 1776 tem
391 1755 402 1803 ,
428 1729 533 1804 quam
558 1727 602 1773 ne
627 1699 684 1772 ille
710 1714 831 1774 noster
852 1683 1152 1800 ¹Sampsiceramus
1166 1711 1193 1798 ²,
1209 1726 1318 1800 quum

312 1855 349 1900 se
375 1829 533 1901 omnium
558 1826 776 1900 sermonibus
787 1827 921 1920 ¹sentiet
940 1825 1128 1926 vapulare,
1153 1839 1189 1898 et
1206 1853 1316 1926 quum
1432 1855 1433 1905 4

311 1952 375 2026 has
393 1954 547 2026 actiones
566 1955 580 2002 ³
607 1956 837 2050 edaaatpe'muvc
855 1951 1006 2050 videbit,
1032 1978 1130 2026 ruere
1157 1952 1315 2050 incipiat.

363 2105 384 2150 2
409 2081 488 2176 Ego
514 2092 630 2153 autem
654 2103 766 2179 usque
793 2103 837 2150 eo
864 2103 943 2149 sum
960 2091 1163 2176 enervatus,
1188 2090 1230 2148 ut
1248 2075 1318 2149 hoe

311 2204 403 2302 otio,
428 2230 497 2304 quo
524 2229 617 2276 nunc
644 2203 877 2302 tabescimus,
901 2201 1019 2274 malim
1051 2207 1294 2298 ἑντυραννεῖσὲαι
1307 2257 1320 2298 ,

271 2387 278 2398 ,
312 2355 417 2430 quam
443 2355 523 2400 cum
549 2330 682 2429 optima
708 2354 771 2428 spe
809 2327 983 2400 dimicare.
1017 2329 1069 2398 De
1094 2324 1317 2426 pangendod
1432 2363 1433 2370 κ

310 2449 407 2554 quod
424 2480 480 2526 me
498 2451 621 2527 crebro
648 2452 955 2550 adlrortaris7'fieri
973 2451 1061 2523 nihil
1078 2465 1205 2552 potest.
1225 2449 1317 2524 Basi·
1432 2431 1433 2486 ³

310 2579 564 2682 licamlhabem
579 2567 654 2653 non
673 2579 812 2680 villam,
830 2579 1022 2680 frequentia
1039 2578 1315 2650 Formianorum.

308 2706 356 2778 At
376 2733 481 2807 quam
507 2733 629 2806 parem
656 2705 848 2782 basilicaet
867 2703 997 2792 tribum
1021 2674 1224 2778 Aemiliam?
1251 2702 1317 2775 Sed

308 2832 435 2905 omitto
469 2832 613 2930 vulgus:
655 2844 738 2931 post
770 2829 895 2904 horam
920 2831 1007 2902 1V⁶
1032 2829 1170 2902 molesti
1208 2830 1315 2902 ceteri

311 2981 384 3027 non
409 2971 499 3035 sunt.
525 2959 562 3029 C.
589 2957 713 3030 Arrius
741 2957 922 3055 proximus
947 2969 1001 3030 est
1026 2955 1179 3054 vicinus3
1209 2957 1314 3028 immo

310 3081 368 3154 ille
393 3082 535 3183 quidem
567 3085 635 3156 iarn
672 3063 939 3158 contubernalis
947 3107 958 3180 3
982 3082 1039 3181 qui
1066 3083 1173 3152 etiam
1198 3107 1237 3153 se
1269 3083 1315 3152 ic-

312 3207 405 3312 circo
430 3209 578 3279 Romam
603 3210 653 3280 ire
670 3222 799 3306 negat,
825 3221 866 3279 ut
890 3207 949 3280 hic
965 3225 1111 3278 'mecum
1129 3220 1226 3279 totos
1245 3206 1317 3278 dies

212 3431 214 3435 v
309 3328 586 3431 philosophetur.
612 3333 708 3407 Ecce
740 3361 783 3407 ex
811 3332 917 3406 altera
942 3346 1043 3431 parte
1069 3331 1220 3406 Sebosus
1226 3387 1237 3430 7
1261 3330 1319 3403 ille

306 3459 422 3530 Catuli
449 3456 633 3534 familiaris.
660 3461 743 3553 Quo
769 3485 826 3532 me
859 3457 1016 3534 venam?
1041 3458 1160 3530 statim
1185 3453 1320 3532 meher-

307 3583 383 3656 cule
410 3583 581 3684 Arpinum
603 3581 711 3686 irem,
735 3586 774 3658 ni
799 3599 833 3658 te
870 3567 908 3656 in
941 3581 1130 3657 Formiano
1164 3604 1323 3654 commo·
1432 3600 1433 3616 ¹

276 3760 284 3775 a
307 3709 449 3786 dissime
475 3713 670 3812 exspectari
699 3711 873 3785 viderem:
907 3708 1090 3782 dumtaxat
1123 3706 1170 3778 ad
1194 3705 1281 3806 prid.
1305 3722 1322 3770 7

305 3835 396 3909 Non.
428 3838 554 3909 Maias:
581 3837 655 3920 vidi
687 3837 784 3909 enim
819 3834 945 3938 quibus
978 3831 1179 3906 hominibus
1214 3856 1322 3902 aures

306 3960 377 4031 sint
403 3960 542 4036 deditae
568 3987 675 4036 meae.
703 3961 934 4036 Occasionem
960 3960 1160 4060 mirificam²
1192 3957 1220 4029 si
1247 3957 1315 4054 qui
