2834 5012
678 399 842 452 rrrsroal
869 403 929 450 χιι.
1080 399 1111 448 Α.
1129 404 1161 450 v.
1181 402 1269 464 c.e91

764 603 846 678 ΧΠ·
1002 643 1058 702 (aa
1074 643 1173 691 oram
1190 645 1228 704 v,
1243 647 1275 704 7)

308 784 526 863 Argumentum.
552 801 562 839 ι
586 779 702 840 Literas
721 778 859 860 Pompeii
871 777 992 861 publice
1012 779 1052 840 ad
1073 779 1218 840 Senatum
1232 783 1299 842 mie

350 911 402 959 sas¹
417 888 454 948 de
474 886 563 948 rebus
584 889 615 946 in
633 885 715 946 bello
732 885 939 946 Mithridatico
952 890 1041 967 gestis
1056 885 1111 948 sibi
1125 887 1301 946 iucundissi-

349 1017 433 1070 mas3
454 1015 471 1053 2
493 995 592 1055 literas
611 1014 733 1076 quoque
746 991 785 1052 ad
797 995 895 1074 ipsum
910 995 1013 1053 missas
1034 991 1179 1052 iucundas
1193 993 1299 1062 luisse,

347 1101 399 1162 sed
419 1104 449 1160 in
470 1099 604 1181 utrisque
623 1099 716 1160 literis
736 1097 966 1180 gratulationem
987 1119 1089 1158 rerum
1104 1119 1122 1157 a
1136 1119 1167 1157 se
1181 1101 1213 1156 in
1228 1119 1300 1158 con-

348 1208 446 1267 sulatu
466 1217 617 1286 gestarum
637 1205 834 1277 desiderasse,
854 1226 974 1288 sperare
995 1217 1096 1264 [amen
1115 1225 1185 1264 eum
1199 1203 1257 1264 sibi
1272 1207 1301 1262 in

348 1315 478 1373 amicitia
497 1324 527 1374 et
546 1335 608 1396 rep.
630 1315 823 1373 coniunctum
843 1311 908 1372 fore
930 1309 1085 1392 significat.

574 1518 628 1570 Ser.
649 1518 743 1568 Romae
762 1519 791 1569 A.
809 1515 843 1566 V·
861 1517 889 1568 C.
912 1515 1023 1570 ocxcl.
1118 1575 1124 1582 p

491 1611 523 1660 D.
542 1611 616 1664 lunio
632 1611 732 1678 Silano,
749 1611 780 1664 L.
798 1610 895 1664 Licinio
914 1611 1021 1662 Murena
1039 1609 1108 1661 Coss.

608 1807 651 1872 M.
676 1807 712 1870 r.
736 1808 779 1873 M.
803 1777 835 1870 r.
860 1805 1004 1874 moero

760 1927 791 1988 s.
815 1924 852 1986 o.
892 1924 895 1932 ·

371 2043 433 2106 cr.
457 2042 635 2107 roarrro
660 2041 720 2106 oo.
745 2043 776 2104 r.
807 2040 973 2124 MAGNO,
996 2040 1246 2104 illrrrlrom

365 2274 377 2318 1
409 2247 440 2317 S.
466 2245 507 2320 T.
532 2247 573 2318 Ε.
598 2247 643 2338 Q.
668 2245 712 2320 V.
737 2247 775 2320 B.
801 2247 871 2318 ΕΛ
897 2247 952 2320 Ex
976 2244 1085 2318 literis
1110 2246 1196 2343 tuis,
1221 2271 1308 2345 quas

309 2369 449 2472 publice
473 2373 611 2472 misisti,
635 2375 714 2473 cepi
737 2398 808 2445 una
834 2398 913 2444 cum
938 2370 1101 2445 omnibus
1119 2370 1307 2443 incredibi·
1410 2432 1412 2434 .

309 2496 378 2569 lem
404 2496 631 2598 voluptatem.
658 2497 810 2572 Tantam
835 2501 927 2570 enim
959 2524 1059 2598 spem
1092 2499 1154 2571 otii
1188 2511 1307 2572 osten·

310 2621 410 2719 disti,
436 2637 602 2724 quantam
627 2649 691 2722 ego
717 2649 854 2724 semper
879 2623 1058 2721 omnihus,
1085 2637 1119 2695 te
1144 2647 1217 2695 uno
1235 2623 1307 2696 fre-
1405 2652 1413 2710 j

309 2763 364 2821 tus
370 2805 381 2847 7
397 2748 597 2848 pollicebar.
624 2749 693 2820 Sed
709 2749 778 2821 hoc
795 2751 902 2847 scito,
919 2763 998 2820 tuos
1014 2740 1151 2821 ¹veteres
1169 2748 1313 2848 hostes,

308 2899 421 2946 novos
446 2877 593 2973 amicos,
617 2875 842 2948 vehementer
866 2874 973 2950 literis
1007 2873 1185 2974 perculsos
1203 2891 1229 2974 ²,
1257 2892 1310 2949 at·
1410 2848 1414 2886 ³

310 3023 377 3096 que
402 3023 444 3070 ex
469 3023 593 3095 magna
620 3025 681 3096 spe
708 2998 928 3099 deturbatos,
953 3001 1075 3074 iacere.

360 3149 379 3193 2
398 3106 455 3194 Ad
468 3149 527 3194 'me
545 3136 660 3195 autem
675 3124 806 3224 literae,
818 3151 906 3226 quas
913 3127 1040 3198 misisti
1049 3127 1074 3224 ³,
1092 3151 1310 3226 quamquam
1402 3205 1406 3232 ,Ι

308 3248 466 3345 exiguam
490 3249 776 3348 significationem
808 3259 888 3324 luae
914 3276 993 3352 erga
1026 3277 1083 3322 me
1108 3250 1308 3324 voluntatis

307 3371 499 3473 habebant,
522 3387 640 3447 tamen
661 3351 747 3450 inihi
764 3378 851 3450 seito
868 3375 1040 3449 iucundas
1058 3375 1171 3448 fuisse.
1196 3376 1309 3450 Nulla
1398 3423 1408 3468 :1

309 3499 401 3570 enim
425 3527 462 3570 re
488 3513 560 3572 tam
583 3500 704 3574 laetari
729 3502 841 3601 soleo,
867 3527 971 3602 quam
995 3528 1153 3574 meorum
1171 3499 1310 3576 officio·

308 3650 384 3696 rum
410 3629 635 3727 conscientia5
661 3629 785 3731 quibus
814 3631 1011 3730 siquando
1040 3657 1113 3704 non
1147 3633 1311 3704 mutual
1399 3648 1414 3712 ξι

307 3752 553 3851 respondetur,
578 3756 673 3854 apud
696 3780 752 3828 me
778 3753 856 3854 plus
881 3755 987 3828 officii
1020 3754 1169 3828 residere
1202 3755 1307 3830 facil·

307 3872 388 3949 lime
420 3880 543 3977 patior.
575 3879 666 3955 Illud
698 3906 771 3954 non
798 3880 920 3955 dubito
928 3937 938 3981 ‚
971 3883 1075 3981 quin,
1101 3882 1129 3953 si
1163 3895 1198 3953 te
1225 3909 1310 3958 mea
1393 3879 1414 3983 Ιᾗ“·
