2932 5000
329 425 401 520 424
694 439 962 489 rarorirroras

328 573 350 632 9
369 549 446 609 Edd.
468 546 555 606 Rota.
577 555 607 604 et
623 542 687 603 atd.
702 541 930 603 adolescentum.
952 538 1025 600 Post
1039 537 1190 598 consitium
1204 559 1335 620 pronum

366 666 411 716 est
432 651 594 714 subaudire
607 649 711 730 fuisse.

331 779 366 820 to
387 760 496 820 Melius
517 755 626 817 Ambb.
653 755 702 826 16,
728 777 781 836 17,
801 766 832 816 et
860 753 927 816 edd.
954 763 1025 815 vett.
1052 773 1120 812 euna
1144 766 1248 813 contra
1273 773 1334 812 rem

363 868 446 949 ptrbl.
467 886 529 924 esse
540 864 704 946 sartoriam.

332 993 361 1032 tt
388 975 434 1032 Ita
457 993 521 1032 esse
543 967 736 1030 scribendum
760 967 901 1028 viderunt
918 967 1075 1028 Ernestius
1101 977 1131 1026 et
1144 964 1214 1026 Sch.
1227 965 1331 1044 Vulgo

367 1081 408 1138 ita
428 1090 526 1138 aetram
547 1088 635 1147 essct,
655 1075 737 1155 quod
758 1077 867 1134 vitium
888 1085 989 1134 ortum
1010 1083 1111 1134 estex
1132 1093 1198 1153 sup.
1220 1069 1255 1131 r'd
1274 1093 1335 1130 esse

302 1257 305 1268 Ι
366 1199 473 1246 actum.
495 1185 576 1244 Tum
600 1181 754 1253 Curiones,
774 1192 845 1241 sunt
864 1191 950 1262 pater
970 1191 1000 1240 et
1019 1179 1108 1240 filius.

332 1312 366 1350 ra
387 1292 491 1369 Quum
513 1301 615 1350 tamen
636 1291 683 1349 vir
711 1289 905 1370 gravissimus
934 1286 1059 1347 Catulus
1080 1288 1111 1345 in
1139 1296 1239 1346 rostra
1265 1305 1336 1367 pro-

366 1396 521 1456 ducendus
541 1405 633 1468 esset,
654 1406 685 1456 et
705 1396 825 1457 Vettius
846 1393 940 1454 homo
961 1393 1028 1454 vilis
1053 1413 1088 1453 ex
1114 1392 1258 1452 inferiore
1278 1413 1333 1450 au-

367 1502 501 1564 diendus.
524 1502 622 1562 Causa
642 1511 707 1583 erat
727 1500 765 1560 de
791 1500 952 1560 refectione
980 1499 1142 1581 Capitolii3
1168 1498 1230 1558 vid.
1252 1497 1334 1557 Svet.

356 1611 398 1668 .in
420 1610 474 1669 tut.
496 1631 521 1669 c.
542 1608 591 1682 153
612 1619 643 1668 et
662 1609 752 1680 Dion.
774 1605 825 1666 lib.
846 1605 1007 1666 XXXVII.
1037 1605 1104 1685 Quo
1126 1605 1236 1665 Bibulo
1257 1607 1334 1686 arpi-

367 1736 433 1776 ναμε
453 1737 512 1777 non
531 1717 643 1787 liceret,
669 1718 721 1796 qui
749 1724 831 1774 metu
848 1711 994 1795 “Caesaris
1021 1711 1103 1773 domi
1131 1733 1162 1772 se
1190 1710 1335 1784 tenebat3

367 1843 415 1903 ep.
435 1822 537 1893 XLV,
557 1821 594 1893 5,
615 1824 644 1882 in
666 1834 727 1882 not.

332 1928 366 1987 13
387 1929 556 2000 Nimirum,
576 1929 623 1988 tte
637 1929 807 2006 (Vettius),
828 1930 944 2000 omnio,
965 1948 1044 2008 quae
1058 1928 1106 1988 itte
1121 1926 1264 2006 (Caesar)
1281 1947 1335 1985 vo·
1434 1921 1450 1966 ’ἕ

366 2034 439 2105 luit,
459 2033 542 2094 dixit.
555 2032 668 2093 Schiitz
681 2034 717 2093 de
732 2037 878 2094 sententia
891 2034 1037 2094 Ernestii:
1053 2033 1115 2094 Hic
1127 2035 1228 2093 arania
1235 2077 1245 2105 ‚
1257 2053 1335 2114 qaae

366 2141 415 2200 itte
436 2140 540 2214 voluit,
559 2139 679 2222 planius
700 2151 799 2214 certe,
820 2140 872 2200 sed
893 2161 953 2202 non
973 2143 1153 2202 necessario.
1179 2141 1253 2199 Mox
1282 2139 1333 2199 dl-

366 2246 439 2318 dus,
460 2259 492 2306 ut
510 2247 577 2330 qai,
598 2246 680 2328 quod
702 2267 807 2307 omnes
827 2247 937 2307 merito
959 2249 1135 2307 reiecerunt.

332 2352 366 2428 14
388 2353 475 2412 Iocus
495 2373 530 2412 ex
552 2351 710 2434 ambiguo,
732 2373 828 2434 quum
843 2343 923 2413 et'de
937 2363 1091 2436 tempore,
1104 2363 1134 2412 et
1153 2351 1191 2412 de
1205 2353 1334 2422 συνουσίᾳ

366 2457 502 2538 Caesaris
523 2480 593 2519 cum
615 2457 742 2519 Servilia
763 2458 921 2540 Caepionis
943 2471 1040 2518 mooe
1061 2457 1187 2540 intelligi
1207 2461 1314 2540 possit.

331 2562 366 2622 15
387 2563 474 2624 Amb.
500 2587 533 2646 17
561 2576 591 2626 et
620 2564 666 2626 ed.
689 2566 762 2625 lens.
783 2567 906 2625 vr'cinum
929 2565 1050 2640 camuli.
1079 2564 1185 2624 Cicero
1214 2567 1332 2624 vicinus

365 2671 499 2743 consuli,
520 2670 550 2731 h.
571 2692 612 2744 e.‚
633 2671 753 2732 Caesari
775 2671 901 2744 dieitur,
922 2670 1004 2752 quod
1018 2670 1109 2730 huius
1123 2669 1235 2731 domus
1257 2681 1332 2731 esset

364 2778 397 2835 in
419 2779 467 2838 via
487 2799 586 2850 sacre,
607 2777 645 2838 ad
666 2778 780 2838 radices
808 2778 933 2849 Palatii,
960 2777 1041 2837 iilius
1066 2787 1169 2837 autem
1191 2779 1224 2836 in
1244 2777 1334 2836 Paia-

364 2885 425 2954 tio‚
444 2905 491 2966 ep.
518 2885 625 2956 XXX,
651 2883 680 2945 8.
701 2885 834 2944 Ahahm
855 2879 1026 2964 domitium,
1047 2885 1098 2963 qui
1121 2884 1160 2959 Q.
1187 2883 1333 2943 Maelium

365 2990 617 3064 occideratsLiv.
645 2991 704 3063 IV,
730 2992 775 3068 14.

332 3091 367 3153 16
388 3095 425 3155 H.
447 3119 491 3169 e.‚
512 3108 546 3158 ut
566 3098 707 3181 explanat
726 3098 903 3170 Ernestius,
923 3100 947 3158 si
962 3107 1038 3158 esset
1052 3095 1212 3156 damnatus
1241 3116 1334 3178 appa-

366 3199 453 3261 rebat
473 3203 697 3284 postulaturum
719 3226 802 3278 esse,
819 3216 854 3265 ut
874 3203 932 3264 sibi
946 3205 1050 3264 liceret
1064 3204 1210 3264 indicium
1226 3203 1333 3263 facere.

366 3305 446 3366 Hinc
459 3307 535 3368 bene
547 3309 656 3371 Bosius
667 3313 784 3393 primus
794 3310 878 3372 dedit
887 3309 1042 3382 indicium,
1054 3309 1137 3391 quod
1151 3321 1182 3370 et
1195 3307 1286 3369 amb.
1302 3330 1332 3388 ¹7

366 3410 475 3485 habet,
496 3436 590 3495 quum
612 3417 685 3477 olim
707 3417 847 3478 ederetur
861 3416 1009 3480 indiciam.
1031 3417 1111 3476 Tum
1127 3414 1238 3476 iudicia
1249 3413 1333 3494 fiat-e,

366 3517 396 3577 id
417 3530 480 3593 est,
500 3521 612 3582 multos
633 3523 698 3584 fore
718 3545 786 3585 reos
807 3545 842 3584 ex
863 3523 975 3584 indicio
996 3523 1100 3584 Vettii.

330 3644 365 3704 ¹7
388 3624 546 3692 schfitzius
567 3628 605 3690 de
633 3633 778 3690 sententia
805 3629 934 3690 Ernestii
956 3629 1007 3690 Ea
1027 3649 1095 3701 nos,
1115 3629 1179 3711 qru'3
1200 3627 1252 3689 sed
1274 3647 1329 3686 vox

367 3745 465 3813 utpote
486 3746 530 3795 est
551 3738 581 3795 in
602 3737 743 3799 omnibus
764 3736 853 3811 libb.‚
881 3747 911 3798 et
932 3739 1110 3798 sententiam
1130 3756 1191 3796 noo
1213 3738 1328 3795 inwin-

273 3851 275 3855 ’
367 3839 490 3899 modam
512 3841 612 3904 habet.

330 3941 366 4002 18
386 3943 442 4004 Ed.
464 3947 551 4008 Rom.
572 3951 671 4012 ttinere
688 3965 877 4033 poteramus,
899 3947 982 4030 quod
1003 3951 1103 4031 aptius
1126 3946 1249 4010 ridetur.
