2886 5000
321 399 387 498 196
668 419 840 471 sersrota
865 423 957 472 xxix.
1094 421 1125 469 a.
1143 423 1177 469 v.
1195 424 1222 469 c.
1240 423 1290 474 sos

312 549 408 598 nunc
432 522 573 628 quidem
599 522 758 624 proiecto
783 525 841 599 isti
866 524 1068 625 provinciae
1080 525 1254 623 contigit,
1270 537 1311 596 ut

312 651 342 724 is
367 651 404 723 in
429 675 469 722 ea
486 675 658 722 summam
676 663 887 749 potestatem
912 649 1073 752 haberet,
1100 651 1156 726 cui
1180 651 1218 726 in
1245 649 1310 728 do·

313 775 438 874 ctrina,
455 775 511 849 cui
526 777 564 847 in
580 775 709 850 virtute
727 790 832 878 atque
848 775 1065 852 humanitate
1081 773 1310 877 percipienda

310 901 500 1002 plurimum
532 928 554 975 a
584 904 733 1003 pueritia
769 901 876 978 studii
907 903 1027 976 {uisset
1059 915 1112 1012 et,
1130 903 1310 1002 temporis.

311 1029 428 1120 Quare
454 1055 553 1128 cura,
577 1042 618 1104 ut
640 1029 699 1102 hic
725 1055 851 1127 annus,
876 1030 936 1130 qui
961 1028 1008 1105 ad
1025 1013 1190 1102 'laborem
1205 1041 1308 1104 tuum

310 1156 472 1252 accessit,
497 1153 592 1226 idem
618 1153 837 1226 adsalutem
861 1155 964 1226 Asiae
994 1166 1201 1253 prorogatus
1234 1177 1310 1224 esse

308 1278 478 1362 videatur.
506 1279 795 1382 Quoniamque⁶¹
813 1281 851 1351 in
875 1293 911 1351 te
928 1277 1112 1354 retinendo
1137 1277 1203 1350 fuit
1226 1277 1310 1349 Asia

308 1404 457 1505 felicior,
483 1431 586 1506 quam
604 1429 669 1484 nos
689 1407 727 1481 in
745 1403 971 1503 deducendo;
994 1405 1141 1503 perfice,
1157 1415 1198 1474 ut
1212 1401 1311 1474 laeti-

308 1530 357 1602 tia
372 1532 575 1630 provinciae
590 1513 798 1608 desiderium
813 1545 972 1610 nostrum
988 1528 1146 1602 leniatur.
1164 1527 1310 1601 Etenim

307 1657 335 1726 si
354 1657 392 1728 in
415 1657 667 1757 promerendo,
686 1671 723 1730 ut
740 1657 804 1733 tibi
822 1657 911 1734 tanti
927 1655 1080 1736 honores
1092 1658 1124 1706 ⁶²
1141 1653 1310 1725 haberen-

306 1792 384 1879 tur,
411 1784 533 1883 quanti
557 1782 654 1862 haud
678 1783 751 1856 scio
777 1808 822 1855 an
847 1781 997 1881 nemini,
1021 1781 1119 1858 fuisti
1147 1779 1306 1855 omnium

306 1904 602 2004 diligentissimum
626 1906 739 1982 multo
763 1909 932 1984 maiorem
955 1909 993 1979 in
1022 1905 1076 1978 his
1110 1903 1307 1980 honoribus

304 2031 444 2106 tuendis
461 2035 492 2089 ⁶³
518 2017 683 2108 adbibere
709 2033 924 2133 diligentiam
947 2031 1062 2106 debes.
1089 2032 1139 2106 Et
1161 2029 1306 2131 quidem

305 2155 349 2228 de
373 2158 442 2232 isto
469 2185 593 2258 genere
618 2160 793 2236 honorum
811 2159 898 2261 quid
914 2159 1094 2257 sentirem,
1118 2156 1243 2255 scripsi
1260 2153 1307 2228 ad

304 2295 338 2358 te
364 2295 454 2364 ante.
482 2285 627 2391 Semper
651 2312 711 2366 eos
736 2285 859 2386 putavi
870 2341 881 2384 ,
914 2286 943 2356 si
975 2282 1136 2381 vulgares
1169 2293 1307 2377 essent,

302 2405 404 2480 vilest
431 2409 460 2480 si
486 2411 654 2510 temporis
681 2437 783 2484 causa
808 2411 1121 2508 constituerentur,
1146 2405 1258 2484 leves:
1276 2403 1307 2481 si

301 2558 386 2606 vero
412 2534 467 2623 (id
493 2536 588 2637 quod
613 2538 662 2613 ita
688 2536 911 2624 factumest)
938 2534 1070 2607 meritis
1089 2533 1157 2605 tuis
1175 2529 1306 2607 tribue-

300 2674 437 2759 rentur,
463 2663 703 2743 existimabam
731 2662 879 2740 multam
898 2655 979 2736 'tibi
1013 2661 1051 2732 in
1082 2659 1137 2731 his
1166 2655 1306 2730 tuendis

300 2809 445 2884 operam
470 2814 544 2862 esse
574 2789 784 2889 ponendam.
818 2789 936 2880 Quare
962 2785 1130 2888 quoniam
1162 2784 1200 2854 in
1226 2784 1303 2856 istis

299 2909 443 2986 urbibus
470 2939 551 2992 cum
570 2941 714 2994 summo
740 2913 890 3013 imperio
908 2910 941 2977 ⁶4
967 2925 1003 2983 et
1027 2922 1204 3011 potestate
1230 2933 1304 2982 ver-

298 3034 397 3132 saris,
426 3036 463 3108 in
488 3039 614 3138 quihus
647 3017 735 3112 tuas
750 3039 898 3114 virtutes
935 3048 1172 3134 consecratas,
1206 3045 1244 3105 et
1268 3032 1305 3102 in

299 3155 444 3232 deorum
470 3187 615 3243 nurnero
642 3163 831 3244 collocatas
856 3160 971 3240 vides:
996 3163 1034 3233 in
1059 3158 1224 3234 omnibus
1249 3181 1302 3229 re·

296 3281 379 3382 bus,
406 3313 491 3386 quas
510 3303 659 3390 statues,
676 3316 762 3394 quas
781 3288 964 3385 decernes,
989 3312 1076 3387 quas
1094 3311 1192 3383 ages,
1217 3279 1302 3384 quid

297 3411 403 3486 tantis
429 3411 611 3488 hominum
628 3415 874 3517 opinionibus,
898 3413 1007 3486 tantis
1025 3411 1069 3490 de
1096 3425 1131 3488 te
1147 3406 1303 3503 iudiciis,

296 3538 402 3610 tantis
428 3536 621 3614 honoribus
638 3541 800 3638 debeas,
826 3538 1005 3636 cogitabis.
1030 3536 1075 3616 Id
1099 3549 1217 3616 autem
1234 3531 1301 3606 erit

285 3662 484 3764 eiusmodi,
509 3682 549 3739 ut
575 3667 738 3742 consula's
772 3663 949 3762 omnibus,
984 3677 1024 3736 ut
1056 3661 1219 3735 medeare
1249 3658 1304 3728 in-

295 3791 491 3867 commodis
516 3793 717 3893 hominum,
742 3790 933 3893 provideas
959 3789 1081 3887 saluti,
1106 3801 1146 3861 ut
1172 3800 1206 3860 te
1237 3807 1303 3888 pa·

296 3929 430 3991 rentem
457 3920 560 3998 Asiae
586 3933 622 4000 et
649 3919 719 3992 dici
745 3933 781 3990 et
806 3915 927 3995 haberi
954 3914 1048 3994 velis.
