2924 5002
277 385 347 456 312
640 395 812 449 sererent
837 395 898 445 ιιι.
1051 395 1081 444 ι.
1102 397 1135 446 v.
1154 399 1181 445 c.
1199 391 1251 460 est

275 510 362 583 cinis
387 505 470 604 tuis,
494 501 670 578 Ciliciensi
695 513 731 573 et
758 500 902 600 Syriaco
935 501 1138 600 anteponis,
1170 501 1276 576 valde

275 659 442 734 maguum
465 630 558 704 facis.
583 628 699 729 Atque
724 627 754 699 is
780 624 882 699 dolor
898 637 968 724 est,
992 623 1091 726 quod
1108 653 1216 728 quum
1233 631 1282 730 ii,

276 786 364 863 quos
389 755 585 855 nominavi,
611 770 645 828 te
677 752 879 828 innocentia
910 775 984 825 non
1008 753 1169 853 vincant,
1201 759 1278 829 vin·

276 899 361 960 cunt
399 897 519 958 nmen
555 881 702 956 artificio
741 877 1001 953 benivolentiae
1037 879 1282 982 colligendae,

276 1013 337 1114 qui
360 1036 474 1112 neque
500 1011 633 1109 Cyrum
653 1005 923 1107 Xenophontis,
946 1029 1060 1106 neque
1077 1007 1281 1104 Agesilaum

275 1137 456 1211 noverint:
483 1159 632 1237 quorum
656 1157 778 1230 regum
795 1156 933 1206 summo
949 1131 987 1203 in
1004 1131 1152 1231 imperio
1172 1159 1283 1210 nemo

275 1288 443 1365 umquam
469 1260 617 1336 verbum
640 1257 750 1332 ullum
776 1258 930 1358 asperius
955 1255 1097 1330 audivit

325 1387 436 1463 1115
466 1386 537 1461 Sed
568 1386 655 1460 haec
689 1384 919 1486 a'principio
951 1382 1016 1456 tibi
1047 1385 1288 1488 praecipiens,

278 1527 450 1618 quantum
474 1511 699 1614 profecerim,
716 1536 789 1585 non
805 1511 938 1609 ignoro.
964 1509 1067 1584 Nunc
1085 1523 1203 1585 tamen
1222 1513 1285 1588 de·

278 1639 406 1714 cedens
433 1637 487 1728 (id
504 1637 602 1740 quod
618 1635 705 1711 mihi
722 1637 797 1710 iam
813 1635 927 1709 lacere
945 1636 1091 1730 videris)
1109 1635 1288 1740 relinque,

279 1792 427 1866 quaeso,
452 1791 560 1866 quam
576 1763 864 1837 iucundissimam
879 1763 1086 1836 memoriam
1111 1765 1169 1836 tui.
1197 1764 1291 1838 Suc-

280 1916 455 1964 cessorem
479 1889 587 1964 babes
612 1887 847 1992 perblandum
864 1904 910 1961 ²⁰:
936 1903 1050 1962 cetera
1069 1888 1169 1964 valde
1191 1889 1291 1964 illius

265 2009 435 2090 'adventu
462 2030 521 2087 tua
548 2016 778 2117 requirentur.
803 2017 846 2088 In
871 2015 980 2088 literis
1011 2014 1193 2089 mittendis
1227 2025 1293 2104 (ut

279 2165 383 2242 saepe
410 2141 456 2215 ad
472 2154 508 2214 te
526 2142 666 2242 scripsi)
691 2143 840 2214 nimium
857 2157 892 2214 te
910 2140 1121 2214 exorabilem
1133 2157 1162 2192 ²¹
1182 2167 1291 2241 prae-

277 2258 394 2342 buisti.
421 2267 522 2341 Tolle
548 2293 687 2367 omnes,
714 2269 744 2341 si
768 2283 889 2369 potes,
913 2269 1067 2368 iniquas,
1093 2268 1176 2341 tolle
1205 2269 1289 2341 inu-

279 2394 400 2467 sitatas
409 2450 419 2493 ,
435 2391 520 2468 tolle
539 2393 740 2467 contrarias.
767 2394 897 2466 Statius
913 2393 1000 2465 mihi
1016 2395 1186 2492 narravit,
1203 2395 1291 2466 scri-

279 2532 359 2619 ptas
386 2518 432 2594 ad
458 2533 493 2593 te
511 2518 622 2592 solere
649 2518 779 2618 afferri,
804 2518 849 2592 ab
875 2517 1009 2616 selegi:
1036 2533 1072 2591 et
1096 2521 1125 2612 si
1145 2520 1290 2620 iniquae

278 2645 365 2744 sint,
389 2647 464 2719 fien'
488 2660 524 2718 te
551 2647 736 2718 certiorem
749 2659 791 2716 ²².
810 2650 1009 2746 Antequam
1036 2669 1118 2718 vero
1143 2645 1220 2745 ipse
1241 2646 1290 2720 ad

279 2777 315 2842 te
341 2772 510 2870 venisset,
535 2771 670 2844 nullum
697 2769 873 2844 delectum
897 2769 1078 2844 literarum
1102 2770 1224 2844 fuisse:
1243 2797 1290 2844 ex
1378 2779 1380 2782 ’

279 2921 323 2968 eo
356 2921 431 2970 esse
464 2895 644 2970 volumina
678 2897 888 2971 selectarum
920 2896 1164 2996 epistolarum,
1199 2923 1292 2998 quae

278 3019 489 3121 reprehendi
515 3021 675 3096 solerent.
703 3023 782 3096 Hoc
809 3021 853 3096 de
879 3048 1003 3120 genere
1029 3019 1116 3094 nihil
1135 3036 1170 3094 te
1190 3049 1287 3097 nunc

280 3145 423 3244 quidem
456 3173 600 3222 moneo:
637 3173 714 3222 sero
748 3163 802 3222 est
832 3149 941 3245 eninr,
967 3174 1007 3220 ac
1041 3149 1128 3221 scire
1161 3162 1289 3248 potes,

279 3267 391 3342 multa
415 3296 473 3343 me
499 3274 594 3346 varie
620 3273 872 3375 diligenterque
896 3274 1082 3346 monuisse.
1107 3273 1202 3348 Illud
1234 3290 1288 3348 ta·

279 3418 379 3492 men,
416 3395 513 3496 quod
546 3397 783 3499 Theopompo
817 3397 999 3498 mandavi,
1032 3425 1140 3500 quum
1173 3426 1288 3476 essem

281 3518 482 3594 admonitus
517 3522 561 3596 ab
594 3525 691 3625 ipso,
719 3525 801 3599 vide
833 3551 898 3626 per
929 3523 1088 3599 homines
1127 3541 1283 3600 amantes

281 3643 348 3743 tui,
374 3645 470 3746 quod
495 3662 549 3721 est
573 3648 688 3751 facile,
712 3664 753 3725 ut
768 3649 857 3724 haec
876 3675 1002 3754 genera
1018 3649 1188 3724 tollantur
1211 3653 1284 3753 epi-

166 3763 169 3774 ’
280 3767 466 3871 stolarum,
497 3775 651 3874 primum
683 3777 899 3878 iniquarum,
933 3776 1060 3850 deinde
1092 3779 1286 3850 contraria-

215 4007 218 4013 Ι
280 3919 375 3995 rum,
400 3891 477 3998 tum
506 3900 656 3978 absurde
694 3916 730 3975 et
760 3901 925 3976 inusitate
958 3903 1185 4004 scriptarum,
1218 3929 1285 4004 po-
