2932 5000
429 497 431 506 ⁴
504 448 539 494 ru
567 447 755 496 mrs'roms
1056 427 1130 528 4¹9

164 546 269 622 nutius
287 543 371 621 1540,
392 555 422 604 a't
434 558 619 629 receperunt
640 548 713 611 Ern.
735 557 771 610 et.
786 545 855 608 seh.
875 548 972 612 Cetcri
994 562 1129 614 anteros

167 648 238 710 libri
258 649 312 710 sad
329 662 381 712 est.

535 815 539 826 Ι
571 865 695 928 XLVll.

129 1097 139 1134 r
160 1068 221 1136 Ed.
245 1077 382 1146 lomoni,
412 1076 548 1159 aliaeque
571 1077 680 1143 sacculi
701 1077 761 1144 XV
782 1089 812 1142 et
834 1078 901 1142 Aldi
921 1079 1037 1142 addunt
1056 1081 1128 1140 sari-

168 1182 249 1256 bam3
270 1181 322 1242 sed
343 1181 449 1243 Cicero
469 1186 501 1244 in
522 1184 613 1244 literis
635 1185 673 1244 ad
695 1187 827 1244 Atticum
841 1184 971 1268 abrupte
983 1185 1128 1268 loquitur.

165 1287 303 1350 Sunion
323 1275 470 1372 inteiprcs
491 1301 645 1358 mutuatus
667 1302 712 1351 ast
731 1310 834 1374 aa'ap.
856 1313 921 1373 sup.
941 1298 959 1366 S
980 1292 1023 1368 4.·
1110 1331 1113 1341 ‹

127 1414 146 1452 2
167 1393 279 1461 Caesar
300 1405 330 1456 et
350 1395 530 1479 Pompeius,
550 1418 612 1460 non
632 1408 696 1458 tam
719 1409 846 1480 propter
865 1400 998 1480 privatas
1019 1398 1052 1460 in
1072 1397 1130 1458 Ca-

166 1510 273 1562 tonem·
289 1501 475 1573 simultates,
506 1525 598 1584 quam
624 1507 834 1587 propter.eius
855 1514 1035 1586 perpetuam
1055 1507 1130 1564 reai-

168 1611 311 1695 stantiam
314 1632 322 1684 3
344 1609 379 1670 cf.
401 1631 447 1692 ep.
469 1611 606 1682 XXXV,
621 1613 655 1684 3,
669 1622 699 1672 at
716 1611 828 1672 Plutar.
844 1615 875 1672 in
890 1611 953 1670 Cat.
968 1610 1046 1672 Vtic.
1062 1619 1132 1690 post

167 1714 247 1775 med.

125 1820 298 1902 3Elegans
319 1822 516 1905 metaphora,
548 1845 608 1905 qua
633 1826 723 1884 etiam
754 1845 843 1884 usum
871 1843 942 1884 eum
963 1822 1064 1884 videre
1085 1833 1131 1882 est

166 1931 200 1988 lu
229 1945 276 2012 ep.
307 1928 444 2002 XXXV,
475 1931 502 1992 3.
529 1931 629 1992 Ducta
659 1941 704 1992 est
733 1953 751 1992 a
782 1929 876 2002 ludo,
907 1949 999 2011 quam
1020 1929 1132 1998 Graeci

166 2045 383 2122 zptmlaaaaa
404 2051 492 2123 aptam
513 2049 543 2100 et
563 2050 666 2104 ἐλαύνω
682 2037 846 2110 vocabant,
860 2057 922 2120 quo
936 2039 1049 2101 circum
1069 2039 1131 2098 sive

166 2142 274 2224 orbem
295 2146 346 2206 ita·
358 2146 569 2228 impellebant.
584 2159 618 2211 ut
638 2147 741 2210 annrrli
762 2149 825 2208 aius
846 2147 1051 2226 circumpositi
1065 2159 1133 2203 sua-

165 2269 236 2314 nem
257 2251 419 2330 quamdam
440 2273 548 2314 acuum
570 2254 700 2317 aderent.
715 2252 785 2316 Vid.
803 2253 925 2314 Bosium
948 2253 979 2312 in
1000 2251 1078 2312 notis
1092 2248 1131 2311 ad

167 2353 198 2416 h.
219 2356 254 2426 l.,
274 2369 304 2419 ct
325 2358 460 2420 Oribasii
481 2359 642 2422 Collectan.
664 2359 716 2420 lib.
730 2359 791 2420 ·1V.
861 2422 864 2433 A

124 2462 147 2537 4
167 2461 341 2545 Pompeius.
363 2465 553 2547 Desonnatus
573 2487 711 2550 corpore,
734 2487 843 2548 nempe
864 2465 942 2528 infra
961 2463 1049 2534 dicit,
1062 2483 1134 2524 eum

167 2569 274 2632 dolore
295 2583 325 2634 at
344 2574 533 2654 aegritudine
552 2575 713 2639 tabescere.
745 2574 822 2634 Erm-
840 2572 1025 2651 Progrrssum
1043 2587 1134 2649 prae-

167 2678 301 2756 cipitem,
329 2681 360 2740 in
382 2683 635 2763 conspirationem
656 2702 727 2742 cum
748 2680 876 2742 Caesare
902 2688 931 2738 et
953 2675 1081 2742 Crasso,
1101 2676 1133 2732 iu

168 2803 262 2863 quam
285 2806 315 2846 se
335 2797 448 2850 temere
468 2791 736 2870 praecipitaverat-3
761 2807 816 2848 nec
837 2788 899 2850 sinc
920 2781 1136 2846 inconstantiae

168 2900 244 2952 nota
265 2889 305 2952 ab
325 2905 506 2976 eapotarut
523 2895 669 2980 incedere.
690 2894 812 2975 Popma.

128 2994 371 3074 5..Qui.senvits
391 3000 463 3064 balli
484 3002 611 3064 confecti
642 3001 769 3082 gloriam
791 3000 939 3080 Pompeio
960 2991 1136 3061 invidebat,

170 3112 201 3162 et
222 3124 291 3164 cum
313 3127 349 3166 eo
370 3107 486 3168 occulta
508 3110 678 3168 inimicitias
700 3106 839 3189 gerebam
860 3127 906 3187 ep.
928 3102 1020 3174 xlx,
1038 3100 1075 3174 4,
1096 3097 1124 3158 5-

129 3207 150 3268 6
170 3210 259 3270 Amb.
285 3233 318 3292 ¹7
340 3224 371 3272 et
391 3213 436 3274 ad.
459 3215 534 3276 lens.
560 3212 677 3295 hapsus
697 3216 844 3296 potiusq-
864 3227 902 3294 pt
914 3252 921 3272 Ι
997 3260 1000 3269 .
1124 3245 1128 3253 ,

133 3333 149 3393 7
173 3315 280 3392 Quum
301 3317 465 3401 Pompeius
487 3319 629 3384 Clodium
641 3320 681 3380 ad
695 3319 816 3402 plebem
830 3312 1138 3390 ‚traduxeritManm

130 3419 283 3483 8Ambb.
310 3423 363 3497 16,
391 3447 440 3506 17,
461 3438 491 3488 et
511 3427 578 3492 edd.
599 3449 645 3511 pr.
667 3441 685 3488 t.
707 3443 893 3509 :laqueamina
910 3423 987 3485 .Sed
1017 3421 1136 3482 tertiam

170 3549 334 3610 personam
355 3534 417 3594 sine
438 3537 625 3598 nominativo
645 3556 718 3598 casu
737 3536 866 3618 positam
888 3533 961 3594 alias
982 3531 1075 3590 etiam
1095 3526 1139 3584 vi·
1174 3617 1177 3624 ἡ

172 3635 281 3698 dimus.
302 3638 374 3699 Mox
394 3661 452 3721 pro
472 3641 568 3703 dilexi
577 3641 666 3707 Amb.
683 3641 735 3713 16,
748 3653 779 3702 et
796 3640 842 3702 ed.
857 3639 946 3700 Rom.
967 3634 1140 3699 dileximus,

175 3743 297 3821 quode
318 3765 378 3826 seq.
401 3747 484 3808 nana
503 3759 609 3812 natum
631 3751 694 3810 sine
714 3746 809 3810 dubio
830 3757 883 3814 ast.

131 3869 153 3927 9
175 3847 286 3908 Gladio
308 3863 442 3914 assuetus
464 3865 493 3914 et
514 3857 661 3937 sanguini.

137 3975 171 4014 10
193 3955 304 4038 Populi
327 3970 518 4024 conventum.
540 3962 593 4026 Ad
611 3963 770 4034 Bibulum,
803 3959 842 4020 ad
862 3954 963 4019 Bibuli
985 3950 1088 4020 aedas,
1111 3949 1142 4006 in
