2886 5000
333 418 402 464 202
682 407 855 460 emerent
881 411 974 460 xxix.
1108 410 1140 458 A.
1159 414 1192 462 r.
1211 413 1306 464 cess

317 508 500 618 'quamum
524 538 590 587 nos
614 509 666 586 illi
693 512 807 587 ordini
826 511 1028 612 debeamus,
1054 525 1095 586 ut
1112 527 1251 589 remoto
1267 516 1334 590 im-

330 642 431 743 perio
456 667 497 714 ac
514 641 551 715 vi
567 621 755 743 potestutis
780 654 817 712 et
840 639 1003 738 fascium,
1027 637 1236 741 publicanos
1253 669 1336 716 cum

331 767 474 842 Graecis
507 767 616 866 gratia
642 779 677 838 et
709 766 918 840 auctoritate
952 766 1152 866 coniungas.
1185 767 1255 840 Sed
1288 767 1335 840 ab

329 894 388 992 iis,
414 893 458 966 de
484 893 611 994 quibus
639 892 776 992 optime
802 905 842 964 tu
865 893 1010 967 meritus
1036 919 1090 991 es,
1116 895 1238 995 etqui
1270 893 1338 966 tibi

330 1020 447 1094 omnia
476 1018 625 1117 debent,
649 1017 719 1091 hoc
748 1031 867 1118 petas,
902 1032 942 1091 ut
968 1017 1132 1092 facilitate
1158 1046 1237 1119 sua,
1269 1046 1337 1093 nos

329 1173 407 1220 eam
431 1144 744 1243 necessitudinem,
769 1169 860 1246 quae
893 1158 946 1218 est
975 1143 1078 1218 nobis
1109 1171 1188 1218 eum
1221 1145 1336 1246 publi-

329 1272 440 1372 canis,
466 1270 628 1345 obtinere
651 1283 688 1343 et
713 1295 925 1344 conservare
942 1269 1129 1374 patiantur.
1156 1270 1228 1344 Sed
1249 1272 1337 1372 quid

328 1424 393 1498 ego
419 1413 455 1471 te
486 1395 574 1471 haec
607 1394 750 1496 hortor,
782 1421 871 1498 quae
903 1409 941 1470 tu
974 1421 1048 1470 non
1079 1395 1187 1470 modo
1220 1396 1335 1470 facere

326 1539 429 1626 potes
454 1515 514 1597 tua
540 1536 671 1623 sponte
698 1523 774 1596 sine
801 1523 1006 1624 cuiusquam
1031 1524 1246 1623 praeceptis,
1271 1523 1335 1622 sed

327 1652 433 1724 etiam
457 1675 585 1750 magna
608 1650 679 1722 iam
705 1662 876 1750 exparte
902 1647 1099 1750 perfecisti?
1123 1647 1206 1724 Nou
1237 1650 1334 1723 enim
1435 1717 1439 1722 .

328 1776 501 1852 desistunt
525 1776 630 1850 nobis
656 1801 756 1875 agere
783 1774 940 1876 quotidie
974 1775 1101 1874 gratias
1130 1772 1334 1849 honestissi-

325 1928 404 1976 mae
429 1917 465 1976 et
489 1905 661 1976 maximae
685 1903 872 1977 'societates
890 1904 938 2003 7³3
963 1902 1061 2005 quod
1086 1901 1229 2005 quidem
1244 1902 1334 1974 mihi

235 2103 236 2111 ,
323 2031 453 2104 iccirco
483 2029 672 2104 iucundius
698 2044 769 2129 est,
796 2030 893 2131 quod
916 2029 1010 2105 idem
1035 2028 1169 2104 faciunt
1193 2029 1331 2103 Graeci.

324 2155 475 2229 Difficile
500 2168 554 2228 est
572 2169 708 2256 autem,
734 2183 792 2256 ea,
817 2181 907 2258 quae
925 2155 1138 2256 commodis,
1163 2155 1332 2254 utilitate,

325 2294 361 2352 et
385 2306 501 2381 prope
525 2295 651 2355 natura
677 2282 815 2356 diversa
841 2296 943 2383 sunt,
967 2281 1151 2357 voluntate
1181 2283 1330 2355 coniun-

326 2431 414 2503 gere.
439 2407 489 2479 At
515 2432 555 2479 ea
573 2407 730 2509 quidem,
747 2434 835 2510 quae
853 2435 957 2510 supra
975 2409 1104 2509 scripta
1122 2421 1219 2507 sunt,
1236 2433 1329 2505 non,
1438 2409 1439 2416 '

322 2543 363 2602 ut
388 2544 423 2604 te
447 2532 687 2634 instituerem,
710 2535 852 2637 scn'psi,
877 2536 1120 2636 (nequeenim
1141 2533 1329 2634 prudentia

322 2671 383 2730 tua
418 2658 625 2762 cuiusquam
659 2675 849 2763 praecepto
883 2661 1080 2753 desiderat)
1112 2660 1175 2734 sed
1203 2686 1262 2732 me
1293 2660 1330 2732 in

322 2783 508 2861 scribendo
534 2787 823 2861 commemoratio
850 2801 931 2860 tuae
956 2787 1096 2861 virtutis
1122 2785 1325 2859 delectavit:

323 2935 535 3013 quamquam
558 2913 596 2986 in
627 2912 683 2986 his
717 2912 831 2986 literis
861 2912 1000 3012 longior
1030 2913 1097 3018 fui,
1128 2938 1234 3015 quam
1267 2924 1327 2984 aut

320 3033 466 3136 vellem,
492 3051 552 3110 aut
578 3064 684 3141 quam
713 3064 769 3112 me
795 3040 920 3141 putavi
944 3039 1028 3116 fore.

371 3161 471 3236 ΧΠ]κ
504 3191 541 3238 ιι
571 3165 694 3238 Unum
720 3180 789 3267 est,
815 3166 911 3268 quod
936 3165 1004 3239 tibi
1026 3191 1092 3263 ego
1121 3165 1324 3266 praecipere

321 3313 394 3362 non
421 3287 597 3391 desinam,
631 3320 746 3395 neque
779 3307 814 3367 te
839 3294 955 3394 patiar
980 3300 1174 3395 (quamum
1206 3291 1244 3364 in
1268 3315 1324 3363 me

321 3414 408 3507 erit)
443 3443 524 3491 cum
549 3422 755 3522 exceptione
788 3420 931 3494 laudari.
965 3419 1096 3494 Omnes
1129 3419 1240 3517 enim,
1266 3415 1326 3518 qui

320 3541 427 3615 istinc
453 3545 620 3648 veniunt,
643 3549 693 3620 ita
720 3547 763 3620 de
781 3560 841 3619 tua
857 3547 1004 3646 virtute,
1025 3545 1226 3643 integritate
1233 3600 1244 3642 ,
1259 3543 1325 3614 hu-

320 3670 501 3744 manitate·
514 3687 810 3772 commemorant,
843 3673 945 3746 utin
971 3672 1040 3745 tuis
1073 3673 1219 3744 summis
1248 3670 1323 3742 lau-

322 3791 425 3869 dibus
451 3800 628 3901 excipiant
652 3825 759 3874 unam
784 3798 1009 3873 iracundiam.
1042 3797 1152 3891 Quod
1182 3799 1323 3892 vitium,

322 3943 431 4016 quum
463 3926 500 3997 iu
537 3925 605 3999 hac
644 3927 781 4028 privata
820 3925 1094 4027 quotidianaque
1127 3925 1198 3997 vita
1235 3920 1321 3994 levis
