2886 5000
283 385 381 466 ,aaa
646 379 819 432 nrrsroun
843 383 951 435 mn
1087 380 1118 432 1.
1132 385 1166 435 r.
1184 382 1212 432 c.
1233 379 1281 448 eoa

346 503 417 546 rnen
436 483 475 545 de
487 485 638 548 ἀνικδὸτοις
653 481 832 558 κτῶεῃάἰες
855 505 873 546 a
894 483 1002 548 deinde
1018 486 1189 566 quaeritde
1204 488 1305 566 Quinti

347 591 449 654 fratris
468 577 610 674 negotio,
629 601 661 652 et
680 590 719 653 de
739 611 829 653 muro
849 590 1005 658 Palatinae
1024 591 1143 658 domtus.

541 813 596 866 Ser.
614 814 641 866 111
659 813 757 866 Antiati
775 816 807 866 Δ.
827 812 863 868 Vr
877 815 908 868 C.
926 815 1081 876 ucxclv„

618 1029 763 1094 cronno
789 1029 939 1129 iunco
965 1031 995 1094 s

358 1273 371 1318 r
401 1245 511 1339 Quod
547 1245 611 1318 tibi
647 1244 883 1346 superioribus
915 1243 1024 1320 literis
1057 1249 1306 1348 promiseram,

301 1371 392 1471 sore,
416 1385 457 1445 ut
483 1396 574 1472 opus
590 1384 742 1446 exstaret
757 1370 861 1445 huius
881 1372 1190 1472 peregrinationis:
1215 1375 1303 1450 1111111

300 1499 372 1572 iam
394 1523 607 1598 magnopere
633 1499 813 1571 confirmo.
840 1497 897 1571 Sio
921 1499 1017 1572 enim
1041 1525 1120 1572 sum
1144 1501 1304 1602 eomple-

301 1649 365 1698 xus
390 1625 523 1724 otium,
548 1637 589 1697 ut
615 1623 659 1698 ab
686 1649 729 1698 eo
756 1623 873 1699 divelli
905 1649 979 1700 nou
1011 1649 1145 1728 qrream.
1179 1627 1302 1728 Itaque

301 1764 362 1823 aut
392 1749 490 1824 libris
518 1777 575 1823 me
609 1749 762 1849 delecto,
794 1775 944 1852 quorum
975 1749 1089 1825 haheo
1121 1751 1220 1824 Antii
1251 1752 1303 1824 fe-

300 1877 428 1950 stivam
453 1878 608 1977 copiam:
635 1889 696 1949 aut
721 1874 848 1950 fluetus
873 1903 1029 1951 numero.
1054 1877 1148 1951 Nam
1180 1877 1228 1952 ad
1251 1875 1302 1950 la-

299 2015 413 2076 certos
438 2001 633 2102 captandos
653 2017 664 2052 ¹
691 2015 918 2102 tempestates
943 2028 1016 2076 nou
1034 2016 1117 2076 sunt
1140 2003 1302 2081 idoneae.

297 2127 330 2203 A
354 2127 540 2202 scribendo
556 2154 700 2230 prorsus
717 2127 883 2204 abhorret
899 2130 1045 2202 animus.
1069 2129 1214 2204 Etenim
1230 2159 1303 2226 yea-
1335 2149 1338 2160 ·

295 2257 427 2348 γραφικοὶ
433 2311 445 2353 ,
469 2280 559 2358 quae
585 2254 851 2356 constitueram,
867 2281 1034 2354 magnum
1050 2280 1143 2355 opus
1163 2270 1234 2329 est:
1250 2256 1302 2333 ita

295 2376 399 2453 valde
424 2379 695 2480 Eratosthenes,
720 2405 825 2483 quem
853 2379 940 2453 1111111
973 2404 1245 2482 proposueram,
1281 2407 1303 2454 a

175 2555 176 2560 1
293 2503 485 2606 Serapione
511 2519 547 2579 et
577 2505 621 2579 ab
653 2505 859 2608 Hipparcho
891 2505 1168 2606 reprehenditur.
1201 2506 1302 2597 Quid

294 2656 432 2734 censes,
460 2632 489 2704 si
516 2632 696 2733 Tyrannio
731 2631 936 2706 accesserit?
960 2633 1010 2709 Et
1041 2631 1183 2724 hercule
1217 2644 1303 2706 sunt

292 2783 348 2830 res
374 2757 532 2832 difficiles
558 2759 605 2832 ad
621 2757 884 2863 explicandum,
909 2773 945 2832 et
961 2759 1123 2858 ὁμοειδεῖς,
1141 2771 1301 2832 nectam

292 2898 442 2980 possunt
467 2892 794 2986 ἀνθηρογραφεῖσὲαι,
824 2911 932 2988 quam
956 2883 1169 2960 videbantur
1184 2901 1218 2956 ²:
1243 2897 1302 2984 et,

264 2981 389 3108 anod
413 3024 521 3110 caput
552 3026 622 3111 est,
653 3011 740 3086 mihi
773 3013 917 3115 quaevis
950 3006 1035 3086 satis
1066 3009 1157 3088 iusta
1190 3037 1299 3086 eausa

291 3134 450 3207 cessandi
481 3149 542 3210 est.
567 3137 664 3228 Quin
690 3139 797 3212 etiam
823 3135 998 3237 dubitem,
1022 3135 1081 3210 hie
1097 3137 1124 3236 ³,
1149 3161 1196 3209 an
1220 3136 1296 3210 An-

289 3260 329 3332 tii
354 3261 553 3363 considam,
586 3278 622 3337 et
653 3264 723 3338 hoc
756 3279 895 3365 tempus
927 3288 1033 3337 omne
1062 3285 1293 3358 consumam;

287 3385 349 3460 ubi
374 3389 517 3490 quidem
542 3416 606 3490 ego
631 3391 772 3466 mallem
796 3392 1029 3466 Duumvirum
1045 3387 1073 3488 4,
1098 3414 1207 3490 quam
1224 3387 1295 3460 Ro-

281 3538 363 3599 mae
387 3542 444 3590 me
469 3505 582 3592 fuisse.
608 3518 664 3592 Tu
689 3544 774 3594 vero
801 3519 993 3619 sapientior
1025 3515 1194 3590 Buthroti
1229 3513 1292 3587 do-

284 3666 382 3714 mum
406 3644 546 3742 parasti.
573 3644 659 3743 Sed,
685 3644 771 3718 mihi
797 3645 917 3742 crede,
942 3643 1103 3744 proxima
1138 3639 1221 3712 est⁵
1238 3635 1289 3710 illi

284 3768 478 3870 municipio
510 3770 596 3845 haec
622 3773 817 3845 Antiatium
849 3771 982 3844 civitas.
1014 3769 1101 3842 Esse
1134 3764 1290 3838 loeum⁶

285 3905 356 3968 ΜΠ]
380 3923 494 3998 prope
519 3887 684 3999 Romam,
708 3897 769 3974 ubi
786 3897 887 3975 multi
911 3898 997 3997 sint,
1022 3893 1083 3996 qui
1099 3890 1285 3968 Vatinium
