2886 5000
309 421 381 467 212
649 405 825 476 ‘nrrsrota
851 411 944 461 xxm
1095 412 1212 464 ιιι.
1231 416 1282 478 ⁶9³

309 517 543 614 severitatem,
559 515 867 614 integritatemque
884 509 1036 586 laudent
1056 512 1125 586 Sed
1137 541 1195 588 me
1208 543 1315 618 quae·
1336 601 1338 606 ,

309 641 392 714 dam
417 643 533 739 tenet,
557 653 704 740 propter
728 637 939 737 singularem
964 661 1137 738 amorem,
1171 641 1311 716 infinita

307 768 345 842 in
371 781 405 840 te
431 764 580 840 aviditas
605 764 754 863 gloriae:
781 789 993 866 quamquam
1017 763 1106 836 illud
1131 767 1314 867 existimo,

309 919 417 996 quum
436 892 511 964 iam
536 889 601 964 tibi
625 891 724 989 Asia,
749 891 840 962 sicut
865 889 1055 992 unicuique
1080 915 1141 963 sua
1169 889 1315 992 domus,

307 1031 395 1094 nota
428 1015 673 1115 essedonas,
700 1042 810 1119 quum
834 1014 880 1088 ad
905 1029 1006 1088 tuam
1031 1041 1203 1088 summam
1231 1008 1319 1118 pru-

309 1143 466 1220 dentiam
490 1155 608 1216 tantus
633 1168 716 1214 usus
740 1141 948 1240 accesserit,
973 1139 1061 1212 nihil
1095 1166 1192 1241 esse,
1216 1141 1319 1243 quod

310 1269 357 1342 ad
379 1266 520 1342 laudem
545 1267 708 1366 attineat,
734 1265 830 1369 quod
855 1291 929 1338 non
954 1266 1151 1368 tuoptime
1180 1268 1319 1369 perspi-

311 1395 398 1493 cias,
424 1407 460 1464 et
484 1389 549 1465 tibi
574 1416 666 1490 non,
691 1391 765 1463 sine
791 1391 998 1490 cuiusquam
1033 1390 1252 1490 hortatione,
1277 1393 1318 1464 in

223 1529 236 1546 “
309 1531 464 1590 mentem
488 1519 607 1590 veniat
632 1516 800 1618 quotidie,
825 1516 895 1610 Sed
912 1542 998 1618 ego,
1023 1516 1100 1618 qui,
1125 1543 1234 1618 quum
1252 1532 1314 1590 tua

309 1643 403 1745 lego,
428 1658 463 1716 te
481 1641 618 1742 audire,
643 1655 678 1714 et
695 1643 769 1744 qui,
794 1667 902 1742 quum
919 1641 966 1714 ad
983 1656 1019 1715 te
1035 1619 1169 1742 scribo,
1195 1656 1317 1716 tecum

309 1769 408 1874 loqui
436 1769 581 1844 videor:
613 1768 740 1842 iccirco
774 1782 809 1840 et
842 1782 903 1842 tua
939 1767 1141 1868 longissima
1175 1795 1317 1874 quaque

311 1893 459 1995 epistola
490 1895 641 1970 maxime
673 1893 849 1992 delector,
881 1908 917 1966 et
948 1895 1025 1994 ipse
1055 1894 1093 1967 in
1126 1892 1317 1968 scribendo

312 2045 417 2120 saepe
443 2045 521 2092 sum
543 2018 689 2116 longior.
710 2017 806 2092 Illud
831 2033 867 2091 te
893 2017 940 2091 ad
964 2031 1160 2092 extremum
1186 2032 1223 2090 et
1251 2043 1317 2092 oro
1434 2037 1435 2042 ’

313 2144 513 2243 athomos,
537 2157 798 2244 ut7tamquam
830 2157 959 2243 poetae
989 2143 1075 2216 boni
1108 2156 1144 2216 et
1178 2155 1319 2218 actores

208 2348 209 2360 χ
312 2269 476 2344 industrii
500 2268 630 2370 solent,
655 2270 705 2342 sic
730 2283 768 2344 tu
795 2270 833 2341 in
858 2282 1012 2342 extrema
1037 2282 1139 2368 parte
1165 2281 1203 2339 et
1231 2293 1318 2342 con·

281 2487 285 2495 1
315 2373 472 2468 clusion'e
495 2395 649 2470 muneris
674 2422 716 2467 ac
731 2397 863 2494 negotii
881 2395 932 2466 tui
950 2393 1236 2492 diligentissimus
1255 2393 1320 2491 sis,

314 2534 356 2595 ut
378 2519 446 2620 hic
461 2517 583 2596 tertiae
609 2547 719 2593 annus
736 2521 872 2624 imperii
897 2521 966 2619 tui,
992 2534 1173 2626 tamquam
1194 2519 1320 2592 tertius

316 2660 429 2748 actus,
453 2647 722 2748 perfectissimus
748 2661 852 2751 atque
879 2647 1119 2722 ornatissimus
1144 2644 1252 2716 firisse
1268 2644 1322 2716 vi·

318 2772 449 2847 deatur.
476 2773 519 2847 Id
543 2773 705 2848 facillime
730 2773 848 2871 facies,
874 2775 915 2844 si*
928 2798 983 2848 me
1011 2771 1083 2859 (oui
1101 2795 1242 2872 sempor
1259 2769 1322 2842 uni

317 2901 449 2999 magis,
473 2925 578 3000 quam
609 2901 779 2973 universis
791 2955 801 2998 ‚
830 2898 968 2999 plaeere
1002 2896 1170 2986 voluisti)
1202 2909 1323 2968 tecum

319 3047 458 3122 semper
482 3049 556 3098 esse
581 3025 738 3124 putabis,
764 3039 801 3096 et
826 3023 989 3097 omnibus
1014 3024 1058 3098 iis
1082 3021 1207 3120 rebus,
1235 3043 1324 3121 quae

321 3146 417 3220 dices
449 3175 490 3220 ac
521 3149 625 3222 facies
637 3207 647 3250 7
679 3151 854 3224 interesse.
886 3149 1073 3250 Reliquum
1105 3161 1181 3246 est⁷
1210 3158 1253 3221 ut
1286 3159 1325 3217 te

321 3296 437 3372 orem⁷
461 3287 503 3346 ut
525 3274 710 3348 valitudini
743 3289 842 3376 tuae,
866 3277 895 3349 si
927 3301 985 3347 me
1017 3288 1054 3348 et
1086 3287 1167 3346 tuos
1199 3295 1326 3346 omnes

322 3392 437 3473 valera
461 3399 529 3499 vis,
554 3399 814 3498 diligentissime
840 3401 982 3477 servias·

676 3680 681 3694 ’
758 3645 881 3720 ΧΧΧ.
1069 3683 1127 3745 (aa
1143 3657 1193 3728 ιιι.
1211 3683 1245 3737 rr,
1260 3677 1301 3735 4)

322 3815 541 3894 Argumentum.
565 3841 575 3879 1
600 3823 698 3894 Attico
719 3833 784 3884 tum
805 3821 920 3882 Rornae
946 3820 1115 3879 deversanti
1143 3837 1199 3900 pro
1229 3815 1325 3874 Sera-
1434 3827 1435 3832 ’

363 3923 462 4019 pionis
487 3923 565 3986 libro
593 3926 647 4006 (de
674 3907 882 4011 Geographia)
912 3919 1022 4009 grafio
1050 3927 1130 4008 agit3
1153 3945 1171 3986 a
1192 3933 1225 3982 ut
1251 3941 1324 3982 ιιιιιιι
1434 3957 1435 3964 1
