<?xml version="1.0" encoding="UTF-8"?>
<!DOCTYPE html PUBLIC "-//W3C//DTD XHTML 1.0 Transitional//EN"
    "http://www.w3.org/TR/xhtml1/DTD/xhtml1-transitional.dtd">
<html xmlns="http://www.w3.org/1999/xhtml" xml:lang="en" lang="en">
 <head>
  <title>
</title>
<meta http-equiv="Content-Type" content="text/html;charset=utf-8" />
  <meta name='ocr-system' content='tesseract 3.04.00' />
  <meta name='ocr-capabilities' content='ocr_page ocr_carea ocr_par ocr_line ocrx_word'/>
</head>
<body>
  <div class='ocr_page' id='page_1' title='image "./mtulliiciceroni76cicegoog/mtulliiciceroni76cicegoog_0410.png"; bbox 0 0 2932 5000; ppageno 0'>
   <div class='ocr_carea' id='block_1_1' title="bbox 524 404 1151 500">
    <p class='ocr_par' dir='ltr' id='par_1_1' title="bbox 524 404 1151 500">
     <span class='ocr_line' id='line_1_1' title="bbox 524 404 1151 500; baseline 0.008 -29"><span class='ocrx_word' id='word_1_1' title='bbox 524 425 561 474; x_wconf 83' lang='lat' dir='ltr'><strong>ru</strong></span> <span class='ocrx_word' id='word_1_2' title='bbox 587 421 779 474; x_wconf 81' lang='lat' dir='ltr'><strong>nrtsronts</strong></span> <span class='ocrx_word' id='word_1_3' title='bbox 1036 490 1040 500; x_wconf 51' lang='lat'><strong>.</strong></span> <span class='ocrx_word' id='word_1_4' title='bbox 1085 404 1151 478; x_wconf 80' lang='lat'><strong>381</strong></span> 
     </span>
    </p>
   </div>
   <div class='ocr_carea' id='block_1_2' title="bbox 145 515 1159 2204">
    <p class='ocr_par' dir='ltr' id='par_1_2' title="bbox 183 515 1159 828">
     <span class='ocr_line' id='line_1_2' title="bbox 183 515 1151 610; baseline -0.002 -21"><span class='ocrx_word' id='word_1_5' title='bbox 183 523 321 589; x_wconf 85' lang='lat' dir='ltr'><strong>Herodes</strong></span> <span class='ocrx_word' id='word_1_6' title='bbox 341 543 403 586; x_wconf 93' lang='lat' dir='ltr'><strong>non</strong></span> <span class='ocrx_word' id='word_1_7' title='bbox 416 523 516 586; x_wconf 86' lang='lat' dir='ltr'><strong>solum</strong></span> <span class='ocrx_word' id='word_1_8' title='bbox 529 515 623 585; x_wconf 84' lang='lat' dir='ltr'><strong>unam</strong></span> <span class='ocrx_word' id='word_1_9' title='bbox 636 524 768 597; x_wconf 78' lang='lat' dir='ltr'><strong>literam,</strong></span> <span class='ocrx_word' id='word_1_10' title='bbox 788 523 838 586; x_wconf 85' lang='lat' dir='ltr'><strong>sed</strong></span> <span class='ocrx_word' id='word_1_11' title='bbox 852 524 972 606; x_wconf 80' lang='lat' dir='ltr'><strong>plenam</strong></span> <span class='ocrx_word' id='word_1_12' title='bbox 993 527 1151 610; x_wconf 87' lang='lat' dir='ltr'><strong>epistolam</strong></span> 
     </span>
     <span class='ocr_line' id='line_1_3' title="bbox 187 630 1159 716; baseline -0.001 -21"><span class='ocrx_word' id='word_1_13' title='bbox 187 635 227 695; x_wconf 90' lang='lat' dir='ltr'><strong>ad</strong></span> <span class='ocrx_word' id='word_1_14' title='bbox 250 654 300 693; x_wconf 91' lang='lat' dir='ltr'><strong>me</strong></span> <span class='ocrx_word' id='word_1_15' title='bbox 327 633 454 714; x_wconf 85' lang='lat' dir='ltr'><strong>scripsit.</strong></span> <span class='ocrx_word' id='word_1_16' title='bbox 481 630 553 693; x_wconf 85' lang='lat' dir='ltr'><strong>Mox</strong></span> <span class='ocrx_word' id='word_1_17' title='bbox 577 645 731 713; x_wconf 71' lang='lat' dir='ltr'><strong>pretorem,</strong></span> <span class='ocrx_word' id='word_1_18' title='bbox 757 653 814 715; x_wconf 89' lang='lat' dir='ltr'><strong>pro</strong></span> <span class='ocrx_word' id='word_1_19' title='bbox 842 631 965 715; x_wconf 83' lang='lat' dir='ltr'><strong>vulgato</strong></span> <span class='ocrx_word' id='word_1_20' title='bbox 987 645 1159 716; x_wconf 69' lang='lat' dir='ltr'><strong>pumicem»</strong></span> 
     </span>
     <span class='ocr_line' id='line_1_4' title="bbox 188 736 1152 828; baseline 0 -27"><span class='ocrx_word' id='word_1_21' title='bbox 188 741 358 823; x_wconf 86' lang='lat' dir='ltr'><strong>recepimus</strong></span> <span class='ocrx_word' id='word_1_22' title='bbox 378 758 414 798; x_wconf 85' lang='lat' dir='ltr'><strong>ex</strong></span> <span class='ocrx_word' id='word_1_23' title='bbox 434 736 507 797; x_wconf 90' lang='lat' dir='ltr'><strong>Ern.</strong></span> <span class='ocrx_word' id='word_1_24' title='bbox 529 747 559 797; x_wconf 91' lang='lat' dir='ltr'><strong>et</strong></span> <span class='ocrx_word' id='word_1_25' title='bbox 579 736 729 798; x_wconf 86' lang='lat' dir='ltr'><strong>Schtitzio.</strong></span> <span class='ocrx_word' id='word_1_26' title='bbox 751 739 886 820; x_wconf 85' lang='lat' dir='ltr'><strong>Tempus</strong></span> <span class='ocrx_word' id='word_1_27' title='bbox 908 737 939 799; x_wconf 91' lang='lat' dir='ltr'><strong>id</strong></span> <span class='ocrx_word' id='word_1_28' title='bbox 959 739 1102 823; x_wconf 83' lang='lat' dir='ltr'><strong>postulat</strong></span> <span class='ocrx_word' id='word_1_29' title='bbox 1141 811 1152 828; x_wconf 84' lang='lat'><strong>.</strong></span> 
     </span>
    </p>

    <p class='ocr_par' dir='ltr' id='par_1_3' title="bbox 145 843 1159 1356">
     <span class='ocr_line' id='line_1_5' title="bbox 145 843 1159 925; baseline -0.003 -16"><span class='ocrx_word' id='word_1_30' title='bbox 145 845 167 908; x_wconf 89' lang='lat'><strong>6</strong></span> <span class='ocrx_word' id='word_1_31' title='bbox 188 846 371 908; x_wconf 84' lang='lat' dir='ltr'><strong>Palicanonc</strong></span> <span class='ocrx_word' id='word_1_32' title='bbox 393 845 460 925; x_wconf 86' lang='lat' dir='ltr'><strong>(ep.</strong></span> <span class='ocrx_word' id='word_1_33' title='bbox 491 843 538 915; x_wconf 89' lang='lat' dir='ltr'><strong>X,</strong></span> <span class='ocrx_word' id='word_1_34' title='bbox 564 863 591 914; x_wconf 89' lang='lat' dir='ltr'><strong>t,</strong></span> <span class='ocrx_word' id='word_1_35' title='bbox 612 853 642 905; x_wconf 92' lang='lat' dir='ltr'><strong>et</strong></span> <span class='ocrx_word' id='word_1_36' title='bbox 666 845 787 917; x_wconf 83' lang='lat' dir='ltr'>XXIII,</span> <span class='ocrx_word' id='word_1_37' title='bbox 801 847 835 925; x_wconf 87' lang='lat'><strong>7)</strong></span> <span class='ocrx_word' id='word_1_38' title='bbox 863 865 902 906; x_wconf 87' lang='lat' dir='ltr'><strong>an</strong></span> <span class='ocrx_word' id='word_1_39' title='bbox 926 845 1006 906; x_wconf 86' lang='lat' dir='ltr'><strong>alini</strong></span> <span class='ocrx_word' id='word_1_40' title='bbox 1028 845 1159 909; x_wconf 89' lang='lat' dir='ltr'><strong>Videtur</strong></span> 
     </span>
     <span class='ocr_line' id='line_1_6' title="bbox 189 950 1158 1034; baseline 0 -21"><span class='ocrx_word' id='word_1_41' title='bbox 189 973 253 1014; x_wconf 88' lang='lat' dir='ltr'><strong>esse</strong></span> <span class='ocrx_word' id='word_1_42' title='bbox 274 953 401 1034; x_wconf 89' lang='lat' dir='ltr'><strong>scriptor</strong></span> <span class='ocrx_word' id='word_1_43' title='bbox 421 952 464 1011; x_wconf 87' lang='lat' dir='ltr'><strong>rei</strong></span> <span class='ocrx_word' id='word_1_44' title='bbox 486 950 631 1025; x_wconf 82' lang='lat' dir='ltr'><strong>alicuius3</strong></span> <span class='ocrx_word' id='word_1_45' title='bbox 653 971 752 1013; x_wconf 89' lang='lat' dir='ltr'><strong>sermo</strong></span> <span class='ocrx_word' id='word_1_46' title='bbox 773 962 817 1011; x_wconf 87' lang='lat' dir='ltr'><strong>est</strong></span> <span class='ocrx_word' id='word_1_47' title='bbox 838 953 918 1012; x_wconf 81' lang='lat' dir='ltr'><strong>enirn</strong></span> <span class='ocrx_word' id='word_1_48' title='bbox 939 951 977 1012; x_wconf 91' lang='lat' dir='ltr'><strong>de</strong></span> <span class='ocrx_word' id='word_1_49' title='bbox 1003 954 1158 1034; x_wconf 88' lang='lat' dir='ltr'><strong>scriptori-</strong></span> 
     </span>
     <span class='ocr_line' id='line_1_7' title="bbox 188 1056 1156 1140; baseline 0.001 -22"><span class='ocrx_word' id='word_1_50' title='bbox 188 1058 255 1118; x_wconf 91' lang='lat' dir='ltr'>bus.</span> <span class='ocrx_word' id='word_1_51' title='bbox 276 1057 325 1116; x_wconf 90' lang='lat' dir='ltr'><strong>De</strong></span> <span class='ocrx_word' id='word_1_52' title='bbox 348 1056 453 1129; x_wconf 70' lang='lat' dir='ltr'><strong>Isinio,</strong></span> <span class='ocrx_word' id='word_1_53' title='bbox 475 1059 623 1117; x_wconf 89' lang='lat' dir='ltr'><strong>incertum</strong></span> <span class='ocrx_word' id='word_1_54' title='bbox 644 1057 759 1140; x_wconf 86' lang='lat' dir='ltr'><strong>pariter</strong></span> <span class='ocrx_word' id='word_1_55' title='bbox 778 1077 906 1130; x_wconf 90' lang='lat' dir='ltr'><strong>nomen,</strong></span> <span class='ocrx_word' id='word_1_56' title='bbox 925 1067 955 1118; x_wconf 92' lang='lat' dir='ltr'><strong>et</strong></span> <span class='ocrx_word' id='word_1_57' title='bbox 969 1078 1015 1118; x_wconf 87' lang='lat' dir='ltr'><strong>res</strong></span> <span class='ocrx_word' id='word_1_58' title='bbox 1033 1060 1156 1119; x_wconf 85' lang='lat' dir='ltr'><strong>incerta·</strong></span> 
     </span>
     <span class='ocr_line' id='line_1_8' title="bbox 187 1161 1157 1248; baseline 0 -23"><span class='ocrx_word' id='word_1_59' title='bbox 187 1163 256 1226; x_wconf 89' lang='lat' dir='ltr'><strong>Lib.</strong></span> <span class='ocrx_word' id='word_1_60' title='bbox 277 1163 394 1245; x_wconf 85' lang='lat' dir='ltr'><strong>aliquot</strong></span> <span class='ocrx_word' id='word_1_61' title='bbox 413 1161 451 1222; x_wconf 83' lang='lat' dir='ltr'><strong>de</strong></span> <span class='ocrx_word' id='word_1_62' title='bbox 472 1164 555 1237; x_wconf 77' lang='lat' dir='ltr'><strong>vino,</strong></span> <span class='ocrx_word' id='word_1_63' title='bbox 576 1185 611 1224; x_wconf 85' lang='lat' dir='ltr'><strong>er</strong></span> <span class='ocrx_word' id='word_1_64' title='bbox 626 1184 688 1246; x_wconf 93' lang='lat' dir='ltr'><strong>quo</strong></span> <span class='ocrx_word' id='word_1_65' title='bbox 702 1163 814 1224; x_wconf 83' lang='lat' dir='ltr'><strong>factum</strong></span> <span class='ocrx_word' id='word_1_66' title='bbox 828 1174 918 1248; x_wconf 90' lang='lat' dir='ltr'><strong>puto,</strong></span> <span class='ocrx_word' id='word_1_67' title='bbox 938 1175 973 1224; x_wconf 91' lang='lat' dir='ltr'><strong>nt</strong></span> <span class='ocrx_word' id='word_1_68' title='bbox 985 1163 1102 1245; x_wconf 81' lang='lat' dir='ltr'><strong>aliquot</strong></span> <span class='ocrx_word' id='word_1_69' title='bbox 1113 1166 1157 1226; x_wconf 94' lang='lat' dir='ltr'><strong>in·</strong></span> 
     </span>
     <span class='ocr_line' id='line_1_9' title="bbox 192 1268 1064 1356; baseline 0 -26"><span class='ocrx_word' id='word_1_70' title='bbox 192 1280 339 1352; x_wconf 86' lang='lat' dir='ltr'><strong>terpretes</strong></span> <span class='ocrx_word' id='word_1_71' title='bbox 359 1279 516 1331; x_wconf 82' lang='lat' dir='ltr'><strong>mutarent</strong></span> <span class='ocrx_word' id='word_1_72' title='bbox 536 1271 674 1354; x_wconf 86' lang='lat' dir='ltr'><strong>superius</strong></span> <span class='ocrx_word' id='word_1_73' title='bbox 691 1269 744 1330; x_wconf 81' lang='lat' dir='ltr'><strong>De</strong></span> <span class='ocrx_word' id='word_1_74' title='bbox 764 1269 870 1356; x_wconf 81' lang='lat' dir='ltr'><strong>Lollio¹</strong></span> <span class='ocrx_word' id='word_1_75' title='bbox 881 1271 914 1330; x_wconf 93' lang='lat' dir='ltr'><strong>in</strong></span> <span class='ocrx_word' id='word_1_76' title='bbox 933 1268 972 1330; x_wconf 82' lang='lat' dir='ltr'><strong>de</strong></span> <span class='ocrx_word' id='word_1_77' title='bbox 990 1269 1064 1332; x_wconf 85' lang='lat' dir='ltr'><strong>oleo.</strong></span> 
     </span>
    </p>

    <p class='ocr_par' dir='ltr' id='par_1_4' title="bbox 149 1375 1156 1544">
     <span class='ocr_line' id='line_1_10' title="bbox 149 1375 1156 1459; baseline 0.003 -24"><span class='ocrx_word' id='word_1_78' title='bbox 149 1398 167 1457; x_wconf 87' lang='lat'>7</span> <span class='ocrx_word' id='word_1_79' title='bbox 192 1377 264 1454; x_wconf 91' lang='lat' dir='ltr'><strong>Quo</strong></span> <span class='ocrx_word' id='word_1_80' title='bbox 286 1375 334 1436; x_wconf 87' lang='lat' dir='ltr'><strong>die</strong></span> <span class='ocrx_word' id='word_1_81' title='bbox 354 1375 387 1435; x_wconf 92' lang='lat' dir='ltr'><strong>C.</strong></span> <span class='ocrx_word' id='word_1_82' title='bbox 409 1376 557 1436; x_wconf 82' lang='lat' dir='ltr'><strong>Antonius</strong></span> <span class='ocrx_word' id='word_1_83' title='bbox 580 1377 644 1459; x_wconf 88' lang='lat' dir='ltr'><strong>(ep.</strong></span> <span class='ocrx_word' id='word_1_84' title='bbox 665 1375 756 1450; x_wconf 88' lang='lat' dir='ltr'>XVI,</span> <span class='ocrx_word' id='word_1_85' title='bbox 777 1376 811 1457; x_wconf 70' lang='grc' dir='ltr'><strong>α)</strong></span> <span class='ocrx_word' id='word_1_86' title='bbox 839 1395 975 1437; x_wconf 90' lang='lat' dir='ltr'><strong>reversus</strong></span> <span class='ocrx_word' id='word_1_87' title='bbox 996 1395 1031 1436; x_wconf 82' lang='lat' dir='ltr'><strong>er</strong></span> <span class='ocrx_word' id='word_1_88' title='bbox 1056 1375 1156 1438; x_wconf 86' lang='lat' dir='ltr'><strong>Mace-</strong></span> 
     </span>
     <span class='ocr_line' id='line_1_11' title="bbox 188 1480 703 1544; baseline 0 -2"><span class='ocrx_word' id='word_1_89' title='bbox 188 1481 281 1542; x_wconf 89' lang='lat' dir='ltr'><strong>donia</strong></span> <span class='ocrx_word' id='word_1_90' title='bbox 301 1502 422 1542; x_wconf 86' lang='lat' dir='ltr'><strong>causam</strong></span> <span class='ocrx_word' id='word_1_91' title='bbox 443 1481 543 1544; x_wconf 84' lang='lat' dir='ltr'><strong>dicere</strong></span> <span class='ocrx_word' id='word_1_92' title='bbox 563 1480 703 1543; x_wconf 87' lang='lat' dir='ltr'><strong>debebat.</strong></span> 
     </span>
    </p>

    <p class='ocr_par' dir='ltr' id='par_1_5' title="bbox 146 1587 1156 1862">
     <span class='ocr_line' id='line_1_12' title="bbox 146 1587 1156 1682; baseline 0 -33"><span class='ocrx_word' id='word_1_93' title='bbox 146 1587 168 1649; x_wconf 85' lang='lat'>8</span> <span class='ocrx_word' id='word_1_94' title='bbox 188 1588 298 1650; x_wconf 89' lang='lat' dir='ltr'><strong>Roma.</strong></span> <span class='ocrx_word' id='word_1_95' title='bbox 317 1588 358 1648; x_wconf 86' lang='lat' dir='ltr'><strong>Se</strong></span> <span class='ocrx_word' id='word_1_96' title='bbox 379 1589 644 1669; x_wconf 67' lang='lat' dir='ltr'><strong>compellatum,</strong></span> <span class='ocrx_word' id='word_1_97' title='bbox 664 1588 695 1648; x_wconf 87' lang='lat' dir='ltr'><strong>li.</strong></span> <span class='ocrx_word' id='word_1_98' title='bbox 716 1609 758 1662; x_wconf 89' lang='lat' dir='ltr'><strong>e.,</strong></span> <span class='ocrx_word' id='word_1_99' title='bbox 778 1599 812 1650; x_wconf 91' lang='lat' dir='ltr'><strong>ut</strong></span> <span class='ocrx_word' id='word_1_100' title='bbox 831 1587 908 1649; x_wconf 87' lang='lat' dir='ltr'><strong>bene</strong></span> <span class='ocrx_word' id='word_1_101' title='bbox 922 1588 1050 1671; x_wconf 84' lang='lat' dir='ltr'><strong>explicat</strong></span> <span class='ocrx_word' id='word_1_102' title='bbox 1063 1587 1156 1682; x_wconf 72' lang='lat' dir='ltr'><strong>Grae·</strong></span> 
     </span>
     <span class='ocr_line' id='line_1_13' title="bbox 190 1692 1155 1777; baseline -0.001 -22"><span class='ocrx_word' id='word_1_103' title='bbox 190 1695 277 1766; x_wconf 85' lang='lat' dir='ltr'><strong>vius,</strong></span> <span class='ocrx_word' id='word_1_104' title='bbox 304 1715 335 1755; x_wconf 88' lang='lat' dir='ltr'><strong>se</strong></span> <span class='ocrx_word' id='word_1_105' title='bbox 355 1703 461 1777; x_wconf 62' lang='lat' dir='ltr'><strong>postea,</strong></span> <span class='ocrx_word' id='word_1_106' title='bbox 479 1705 715 1768; x_wconf 79' lang='lat' dir='ltr'><strong>accusaturum,</strong></span> <span class='ocrx_word' id='word_1_107' title='bbox 742 1697 926 1777; x_wconf 88' lang='lat' dir='ltr'><strong>quicumque</strong></span> <span class='ocrx_word' id='word_1_108' title='bbox 946 1715 981 1754; x_wconf 82' lang='lat' dir='ltr'><strong>ex</strong></span> <span class='ocrx_word' id='word_1_109' title='bbox 1006 1692 1155 1755; x_wconf 88' lang='lat' dir='ltr'><strong>iudicibus</strong></span> 
     </span>
     <span class='ocr_line' id='line_1_14' title="bbox 189 1799 916 1862; baseline 0.004 -3"><span class='ocrx_word' id='word_1_110' title='bbox 189 1802 221 1859; x_wconf 93' lang='lat' dir='ltr'><strong>in</strong></span> <span class='ocrx_word' id='word_1_111' title='bbox 243 1799 367 1860; x_wconf 90' lang='lat' dir='ltr'><strong>consilio</strong></span> <span class='ocrx_word' id='word_1_112' title='bbox 388 1810 493 1862; x_wconf 86' lang='lat' dir='ltr'><strong>contra</strong></span> <span class='ocrx_word' id='word_1_113' title='bbox 514 1803 681 1862; x_wconf 77' lang='lat' dir='ltr'><strong>Antoniam</strong></span> <span class='ocrx_word' id='word_1_114' title='bbox 702 1822 765 1862; x_wconf 90' lang='lat' dir='ltr'><strong>nou</strong></span> <span class='ocrx_word' id='word_1_115' title='bbox 785 1801 916 1862; x_wconf 79' lang='lat' dir='ltr'><strong>affuerit.</strong></span> 
     </span>
    </p>

    <p class='ocr_par' dir='ltr' id='par_1_6' title="bbox 147 1905 1155 2204">
     <span class='ocr_line' id='line_1_15' title="bbox 147 1905 1155 1991; baseline 0 -25"><span class='ocrx_word' id='word_1_116' title='bbox 147 1929 169 1989; x_wconf 86' lang='lat'><strong>9</strong></span> <span class='ocrx_word' id='word_1_117' title='bbox 189 1905 428 1968; x_wconf 87' lang='lat' dir='ltr'><strong>Rescribendum</strong></span> <span class='ocrx_word' id='word_1_118' title='bbox 448 1907 556 1991; x_wconf 92' lang='lat' dir='ltr'><strong>procul</strong></span> <span class='ocrx_word' id='word_1_119' title='bbox 578 1907 673 1970; x_wconf 92' lang='lat' dir='ltr'><strong>dnbio</strong></span> <span class='ocrx_word' id='word_1_120' title='bbox 695 1919 741 1969; x_wconf 91' lang='lat' dir='ltr'><strong>est</strong></span> <span class='ocrx_word' id='word_1_121' title='bbox 760 1929 838 1968; x_wconf 84' lang='lat' dir='ltr'><strong>nunc</strong></span> <span class='ocrx_word' id='word_1_122' title='bbox 852 1928 880 1968; x_wconf 86' lang='lat' dir='ltr'><strong>n.</strong></span> <span class='ocrx_word' id='word_1_123' title='bbox 894 1929 919 1970; x_wconf 82' lang='grc' dir='ltr'><strong>ν.</strong></span> <span class='ocrx_word' id='word_1_124' title='bbox 940 1906 1039 1980; x_wconf 81' lang='lat' dir='ltr'><strong>Infra,</strong></span> <span class='ocrx_word' id='word_1_125' title='bbox 1059 1905 1155 1989; x_wconf 76' lang='lat' dir='ltr'><strong>pridie</strong></span> 
     </span>
     <span class='ocr_line' id='line_1_16' title="bbox 189 2012 1154 2098; baseline 0.002 -24"><span class='ocrx_word' id='word_1_126' title='bbox 189 2012 261 2074; x_wconf 79' lang='lat' dir='ltr'><strong>Kat</strong></span> <span class='ocrx_word' id='word_1_127' title='bbox 287 2013 458 2098; x_wconf 89' lang='lat' dir='ltr'><strong>intelligunt</strong></span> <span class='ocrx_word' id='word_1_128' title='bbox 478 2014 575 2098; x_wconf 78' lang='lat' dir='ltr'><strong>pridie</strong></span> <span class='ocrx_word' id='word_1_129' title='bbox 601 2013 672 2078; x_wconf 83' lang='lat' dir='ltr'><strong>Kal.</strong></span> <span class='ocrx_word' id='word_1_130' title='bbox 701 2015 870 2090; x_wconf 84' lang='lat' dir='ltr'><strong>lanuarias,</strong></span> <span class='ocrx_word' id='word_1_131' title='bbox 892 2024 926 2075; x_wconf 89' lang='lat' dir='ltr'><strong>ut</strong></span> <span class='ocrx_word' id='word_1_132' title='bbox 946 2013 1099 2096; x_wconf 85' lang='lat' dir='ltr'><strong>colligitur</strong></span> <span class='ocrx_word' id='word_1_133' title='bbox 1119 2034 1154 2076; x_wconf 78' lang='lat' dir='ltr'><strong>ex</strong></span> 
     </span>
     <span class='ocr_line' id='line_1_17' title="bbox 191 2121 1105 2204; baseline -0.001 -22"><span class='ocrx_word' id='word_1_134' title='bbox 191 2141 239 2204; x_wconf 88' lang='lat' dir='ltr'><strong>ep.</strong></span> <span class='ocrx_word' id='word_1_135' title='bbox 260 2141 321 2202; x_wconf 87' lang='lat' dir='ltr'><strong>seq.</strong></span> <span class='ocrx_word' id='word_1_136' title='bbox 343 2121 370 2181; x_wconf 87' lang='lat'><strong>3.</strong></span> <span class='ocrx_word' id='word_1_137' title='bbox 755 2131 758 2138; x_wconf 89' lang='lat'>&#39;</span> <span class='ocrx_word' id='word_1_138' title='bbox 1103 2127 1105 2138; x_wconf 89' lang='grc'><em>“</em></span> 
     </span>
    </p>
   </div>
   <div class='ocr_carea' id='block_1_3' title="bbox 577 2335 725 2402">
    <p class='ocr_par' dir='ltr' id='par_1_7' title="bbox 577 2335 725 2402">
     <span class='ocr_line' id='line_1_18' title="bbox 577 2335 725 2402; baseline -0.007 -4"><span class='ocrx_word' id='word_1_139' title='bbox 577 2335 725 2402; x_wconf 84' lang='lat' dir='ltr'>XXVIII.</span> 
     </span>
    </p>
   </div>
   <div class='ocr_carea' id='block_1_4' title="bbox 154 2543 1196 3373">
    <p class='ocr_par' dir='ltr' id='par_1_8' title="bbox 154 2543 1196 3373">
     <span class='ocr_line' id='line_1_19' title="bbox 154 2543 1155 2632; baseline -0.001 -27"><span class='ocrx_word' id='word_1_140' title='bbox 154 2567 165 2605; x_wconf 90' lang='grc' dir='ltr'>ι</span> <span class='ocrx_word' id='word_1_141' title='bbox 192 2543 245 2607; x_wconf 88' lang='lat' dir='ltr'><strong>Sic</strong></span> <span class='ocrx_word' id='word_1_142' title='bbox 269 2546 459 2629; x_wconf 84' lang='lat' dir='ltr'><strong>corrigebant</strong></span> <span class='ocrx_word' id='word_1_143' title='bbox 486 2547 667 2632; x_wconf 63' lang='lat' dir='ltr'><strong>Malaspina&#39;</strong></span> <span class='ocrx_word' id='word_1_144' title='bbox 683 2560 713 2610; x_wconf 92' lang='lat' dir='ltr'><strong>et</strong></span> <span class='ocrx_word' id='word_1_145' title='bbox 738 2547 913 2609; x_wconf 85' lang='lat' dir='ltr'><strong>Tunstailus</strong></span> <span class='ocrx_word' id='word_1_146' title='bbox 940 2547 1022 2628; x_wconf 88' lang='lat' dir='ltr'><strong>vulg.</strong></span> <span class='ocrx_word' id='word_1_147' title='bbox 1043 2543 1155 2618; x_wconf 75' lang='lat' dir='ltr'><strong>Atilio,</strong></span> 
     </span>
     <span class='ocr_line' id='line_1_20' title="bbox 192 2649 1156 2737; baseline -0.003 -27"><span class='ocrx_word' id='word_1_148' title='bbox 192 2671 286 2732; x_wconf 89' lang='lat' dir='ltr'><strong>quam</strong></span> <span class='ocrx_word' id='word_1_149' title='bbox 300 2656 435 2735; x_wconf 81' lang='lat' dir='ltr'><strong>proxime</strong></span> <span class='ocrx_word' id='word_1_150' title='bbox 448 2653 548 2728; x_wconf 90' lang='lat' dir='ltr'><strong>libris,</strong></span> <span class='ocrx_word' id='word_1_151' title='bbox 562 2654 645 2737; x_wconf 93' lang='lat' dir='ltr'><strong>quod</strong></span> <span class='ocrx_word' id='word_1_152' title='bbox 658 2655 748 2715; x_wconf 89' lang='lat' dir='ltr'><strong>etiam</strong></span> <span class='ocrx_word' id='word_1_153' title='bbox 761 2653 902 2714; x_wconf 89' lang='lat' dir='ltr'><strong>Ernestio</strong></span> <span class='ocrx_word' id='word_1_154' title='bbox 914 2649 1059 2735; x_wconf 82' lang='lat' dir='ltr'><strong>placebat.</strong></span> <span class='ocrx_word' id='word_1_155' title='bbox 1075 2649 1156 2708; x_wconf 93' lang='lat' dir='ltr'><strong>Con·</strong></span> 
     </span>
     <span class='ocr_line' id='line_1_21' title="bbox 192 2753 1156 2844; baseline -0.003 -28"><span class='ocrx_word' id='word_1_156' title='bbox 192 2759 307 2818; x_wconf 89' lang='lat' dir='ltr'><strong>iunctio</strong></span> <span class='ocrx_word' id='word_1_157' title='bbox 327 2761 407 2837; x_wconf 85' lang='lat' dir='ltr'><strong>enim</strong></span> <span class='ocrx_word' id='word_1_158' title='bbox 423 2759 566 2844; x_wconf 51' lang='lat' dir='ltr'><strong>¹Pompeii</strong></span> <span class='ocrx_word' id='word_1_159' title='bbox 589 2759 784 2844; x_wconf 82' lang='lat' dir='ltr'><strong>(Epicratis),</strong></span> <span class='ocrx_word' id='word_1_160' title='bbox 803 2770 839 2820; x_wconf 93' lang='lat' dir='ltr'><strong>ut</strong></span> <span class='ocrx_word' id='word_1_161' title='bbox 849 2758 929 2819; x_wconf 88' lang='lat' dir='ltr'><strong>idem</strong></span> <span class='ocrx_word' id='word_1_162' title='bbox 943 2759 999 2830; x_wconf 84' lang='lat' dir='ltr'><strong>ait,</strong></span> <span class='ocrx_word' id='word_1_163' title='bbox 1014 2776 1083 2816; x_wconf 89' lang='lat' dir='ltr'><strong>cum</strong></span> <span class='ocrx_word' id='word_1_164' title='bbox 1097 2753 1156 2814; x_wconf 86' lang='lat' dir='ltr'><strong>hac</strong></span> 
     </span>
     <span class='ocr_line' id='line_1_22' title="bbox 192 2861 1157 2954; baseline -0.003 -32"><span class='ocrx_word' id='word_1_165' title='bbox 192 2884 227 2923; x_wconf 90' lang='lat' dir='ltr'><strong>re</strong></span> <span class='ocrx_word' id='word_1_166' title='bbox 248 2867 318 2925; x_wconf 88' lang='lat' dir='ltr'><strong>satis</strong></span> <span class='ocrx_word' id='word_1_167' title='bbox 340 2864 428 2954; x_wconf 87' lang='lat' dir='ltr'><strong>docet</strong></span> <span class='ocrx_word' id='word_1_168' title='bbox 448 2887 551 2927; x_wconf 87' lang='lat' dir='ltr'><strong>veram</strong></span> <span class='ocrx_word' id='word_1_169' title='bbox 572 2887 636 2928; x_wconf 88' lang='lat' dir='ltr'><strong>esse</strong></span> <span class='ocrx_word' id='word_1_170' title='bbox 661 2869 887 2927; x_wconf 84' lang='lat' dir='ltr'><strong>correctionem.</strong></span> <span class='ocrx_word' id='word_1_171' title='bbox 909 2863 969 2926; x_wconf 89' lang='lat' dir='ltr'><strong>Sed</strong></span> <span class='ocrx_word' id='word_1_172' title='bbox 988 2861 1157 2944; x_wconf 85' lang='lat' dir='ltr'><strong>Malaspina</strong></span> 
     </span>
     <span class='ocr_line' id='line_1_23' title="bbox 195 2968 1155 3055; baseline -0.003 -24"><span class='ocrx_word' id='word_1_173' title='bbox 195 2969 312 3031; x_wconf 78' lang='lat' dir='ltr'><strong>Valerii</strong></span> <span class='ocrx_word' id='word_1_174' title='bbox 323 2970 438 3046; x_wconf 89' lang='lat' dir='ltr'><strong>filium,</strong></span> <span class='ocrx_word' id='word_1_175' title='bbox 451 2993 487 3033; x_wconf 85' lang='lat' dir='ltr'><strong>ex</strong></span> <span class='ocrx_word' id='word_1_176' title='bbox 500 2983 652 3055; x_wconf 78' lang='lat' dir='ltr'><strong>cogente,</strong></span> <span class='ocrx_word' id='word_1_177' title='bbox 668 2976 717 3035; x_wconf 94' lang='lat' dir='ltr'><strong>cui</strong></span> <span class='ocrx_word' id='word_1_178' title='bbox 732 2993 900 3055; x_wconf 79' lang='lat' dir='ltr'><strong>cognomen</strong></span> <span class='ocrx_word' id='word_1_179' title='bbox 918 2969 1071 3031; x_wconf 76' lang='lat' dir='ltr'><strong>Calatinus</strong></span> <span class='ocrx_word' id='word_1_180' title='bbox 1084 2968 1155 3040; x_wconf 88' lang='lat' dir='ltr'><strong>fuit,</strong></span> 
     </span>
     <span class='ocr_line' id='line_1_24' title="bbox 194 3061 1157 3162; baseline -0.001 -28"><span class='ocrx_word' id='word_1_181' title='bbox 194 3074 369 3140; x_wconf 87' lang='lat' dir='ltr'><strong>Tunstallus</strong></span> <span class='ocrx_word' id='word_1_182' title='bbox 390 3061 565 3152; x_wconf 82' lang='lat' dir='ltr'><strong>Afranium,</strong></span> <span class='ocrx_word' id='word_1_183' title='bbox 591 3082 644 3161; x_wconf 91' lang='lat' dir='ltr'><strong>qui</strong></span> <span class='ocrx_word' id='word_1_184' title='bbox 670 3079 753 3162; x_wconf 84' lang='lat' dir='ltr'><strong>apud</strong></span> <span class='ocrx_word' id='word_1_185' title='bbox 778 3078 960 3161; x_wconf 90' lang='lat' dir='ltr'><strong>Pompeium</strong></span> <span class='ocrx_word' id='word_1_186' title='bbox 980 3075 1157 3158; x_wconf 86' lang='lat' dir='ltr'><strong>gratiosissi-</strong></span> 
     </span>
     <span class='ocr_line' id='line_1_25' title="bbox 193 3181 1156 3267; baseline -0.001 -26"><span class='ocrx_word' id='word_1_187' title='bbox 193 3201 263 3242; x_wconf 92' lang='lat' dir='ltr'><strong>mus</strong></span> <span class='ocrx_word' id='word_1_188' title='bbox 275 3182 350 3262; x_wconf 84' lang='lat' dir='ltr'><strong>suit,</strong></span> <span class='ocrx_word' id='word_1_189' title='bbox 364 3204 411 3266; x_wconf 93' lang='lat' dir='ltr'><strong>ep.</strong></span> <span class='ocrx_word' id='word_1_190' title='bbox 425 3183 517 3257; x_wconf 88' lang='lat' dir='ltr'><strong>XXI,</strong></span> <span class='ocrx_word' id='word_1_191' title='bbox 531 3207 563 3266; x_wconf 87' lang='lat'><strong>7,</strong></span> <span class='ocrx_word' id='word_1_192' title='bbox 577 3184 770 3267; x_wconf 80' lang='lat' dir='ltr'><strong>intelligebat.</strong></span> <span class='ocrx_word' id='word_1_193' title='bbox 784 3184 890 3246; x_wconf 82' lang='lat' dir='ltr'><strong>Rosius</strong></span> <span class='ocrx_word' id='word_1_194' title='bbox 903 3205 920 3244; x_wconf 88' lang='lat' dir='ltr'><strong>e</strong></span> <span class='ocrx_word' id='word_1_195' title='bbox 934 3203 989 3242; x_wconf 92' lang='lat' dir='ltr'><strong>ms.</strong></span> <span class='ocrx_word' id='word_1_196' title='bbox 1010 3181 1156 3241; x_wconf 87' lang='lat' dir='ltr'><strong>Tornaes.</strong></span> 
     </span>
     <span class='ocr_line' id='line_1_26' title="bbox 194 3285 1196 3373; baseline -0.002 -26"><span class='ocrx_word' id='word_1_197' title='bbox 194 3285 235 3348; x_wconf 89' lang='lat' dir='ltr'><strong>K.</strong></span> <span class='ocrx_word' id='word_1_198' title='bbox 250 3290 360 3364; x_wconf 82' lang='lat' dir='ltr'><strong>Atilio,</strong></span> <span class='ocrx_word' id='word_1_199' title='bbox 379 3289 456 3352; x_wconf 88' lang='lat' dir='ltr'><strong>idest</strong></span> <span class='ocrx_word' id='word_1_200' title='bbox 478 3291 603 3353; x_wconf 81' lang='lat' dir='ltr'><strong>Caesoni</strong></span> <span class='ocrx_word' id='word_1_201' title='bbox 620 3291 728 3364; x_wconf 75' lang='lat' dir='ltr'><strong>Atilio,</strong></span> <span class='ocrx_word' id='word_1_202' title='bbox 748 3293 816 3373; x_wconf 90' lang='lat' dir='ltr'><strong>qui,</strong></span> <span class='ocrx_word' id='word_1_203' title='bbox 836 3289 910 3372; x_wconf 92' lang='lat' dir='ltr'><strong>quid</strong></span> <span class='ocrx_word' id='word_1_204' title='bbox 930 3290 973 3350; x_wconf 87' lang='lat' dir='ltr'><strong>rei</strong></span> <span class='ocrx_word' id='word_1_205' title='bbox 989 3307 1060 3348; x_wconf 94' lang='lat' dir='ltr'><strong>cum</strong></span> <span class='ocrx_word' id='word_1_206' title='bbox 1079 3285 1155 3369; x_wconf 91' lang='lat' dir='ltr'><strong>Epi·</strong></span> <span class='ocrx_word' id='word_1_207' title='bbox 1194 3315 1196 3322; x_wconf 56' lang='lat'><strong><em>¹</em></strong></span> 
     </span>
    </p>
   </div>
   <div class='ocr_carea' id='block_1_5' title="bbox 151 3391 1156 4008">
    <p class='ocr_par' dir='ltr' id='par_1_9' title="bbox 195 3391 1155 3562">
     <span class='ocr_line' id='line_1_27' title="bbox 195 3391 1155 3484; baseline -0.002 -31"><span class='ocrx_word' id='word_1_208' title='bbox 195 3404 277 3456; x_wconf 87' lang='lat' dir='ltr'><strong>crate</strong></span> <span class='ocrx_word' id='word_1_209' title='bbox 300 3406 330 3457; x_wconf 84' lang='lat' dir='ltr'><strong>at</strong></span> <span class='ocrx_word' id='word_1_210' title='bbox 349 3395 474 3484; x_wconf 80' lang='lat' dir='ltr'><strong>Valerio</strong></span> <span class='ocrx_word' id='word_1_211' title='bbox 494 3396 654 3472; x_wconf 88' lang='lat' dir='ltr'><strong>habuerit,</strong></span> <span class='ocrx_word' id='word_1_212' title='bbox 673 3399 797 3459; x_wconf 91' lang='lat' dir='ltr'><strong>minime</strong></span> <span class='ocrx_word' id='word_1_213' title='bbox 821 3395 932 3458; x_wconf 89' lang='lat' dir='ltr'><strong>docuit.</strong></span> <span class='ocrx_word' id='word_1_214' title='bbox 958 3393 1066 3455; x_wconf 86' lang='lat' dir='ltr'><strong>Lamb.</strong></span> <span class='ocrx_word' id='word_1_215' title='bbox 1097 3391 1155 3452; x_wconf 84' lang='lat' dir='ltr'><strong>Ca-</strong></span> 
     </span>
     <span class='ocr_line' id='line_1_28' title="bbox 195 3489 1144 3562; baseline 0.002 -2"><span class='ocrx_word' id='word_1_216' title='bbox 195 3500 296 3562; x_wconf 84' lang='lat' dir='ltr'><strong>latino.</strong></span> <span class='ocrx_word' id='word_1_217' title='bbox 919 3511 922 3516; x_wconf 88' lang='lat'>&#39;</span> <span class='ocrx_word' id='word_1_218' title='bbox 1143 3489 1144 3494; x_wconf 8' lang='grc' dir='ltr'>ἵ</span> 
     </span>
    </p>

    <p class='ocr_par' dir='ltr' id='par_1_10' title="bbox 153 3601 1156 3693">
     <span class='ocr_line' id='line_1_29' title="bbox 153 3601 1156 3693; baseline -0.005 -27"><span class='ocrx_word' id='word_1_219' title='bbox 153 3628 172 3666; x_wconf 85' lang='lat'>2</span> <span class='ocrx_word' id='word_1_220' title='bbox 194 3607 368 3670; x_wconf 82' lang='lat' dir='ltr'><strong>Admodum</strong></span> <span class='ocrx_word' id='word_1_221' title='bbox 381 3609 527 3672; x_wconf 89' lang='lat' dir='ltr'><strong>invidiose</strong></span> <span class='ocrx_word' id='word_1_222' title='bbox 541 3614 573 3671; x_wconf 89' lang='lat' dir='ltr'><strong>in</strong></span> <span class='ocrx_word' id='word_1_223' title='bbox 585 3611 783 3693; x_wconf 90' lang='lat' dir='ltr'><strong>Pompeium,</strong></span> <span class='ocrx_word' id='word_1_224' title='bbox 796 3607 920 3671; x_wconf 91' lang='lat' dir='ltr'><strong>utillud</strong></span> <span class='ocrx_word' id='word_1_225' title='bbox 933 3629 979 3691; x_wconf 94' lang='lat' dir='ltr'><strong>ep.</strong></span> <span class='ocrx_word' id='word_1_226' title='bbox 991 3604 1113 3675; x_wconf 88' lang='lat' dir='ltr'>XXIII,</span> <span class='ocrx_word' id='word_1_227' title='bbox 1126 3601 1156 3662; x_wconf 90' lang='lat'><strong>8.</strong></span> 
     </span>
    </p>

    <p class='ocr_par' dir='ltr' id='par_1_11' title="bbox 152 3713 1155 3802">
     <span class='ocr_line' id='line_1_30' title="bbox 152 3713 1155 3802; baseline 0 -30"><span class='ocrx_word' id='word_1_228' title='bbox 152 3713 172 3772; x_wconf 86' lang='grc'>3</span> <span class='ocrx_word' id='word_1_229' title='bbox 196 3713 323 3802; x_wconf 80' lang='lat' dir='ltr'><strong>locatur¹</strong></span> <span class='ocrx_word' id='word_1_230' title='bbox 336 3717 368 3775; x_wconf 92' lang='lat' dir='ltr'><strong>in</strong></span> <span class='ocrx_word' id='word_1_231' title='bbox 389 3714 533 3798; x_wconf 87' lang='lat' dir='ltr'><strong>ambiguo</strong></span> <span class='ocrx_word' id='word_1_232' title='bbox 552 3719 712 3778; x_wconf 92' lang='lat' dir='ltr'><strong>nominum</strong></span> <span class='ocrx_word' id='word_1_233' title='bbox 734 3717 808 3799; x_wconf 54' lang='lat' dir='ltr'><strong>Cyn·</strong></span> <span class='ocrx_word' id='word_1_234' title='bbox 823 3719 914 3798; x_wconf 77' lang='lat' dir='ltr'><strong>regis,</strong></span> <span class='ocrx_word' id='word_1_235' title='bbox 934 3713 1020 3775; x_wconf 85' lang='lat' dir='ltr'><strong>cuius</strong></span> <span class='ocrx_word' id='word_1_236' title='bbox 1033 3718 1155 3777; x_wconf 76' lang='grc' dir='ltr'><strong>παιδείαν</strong></span> 
     </span>
    </p>

    <p class='ocr_par' dir='ltr' id='par_1_12' title="bbox 169 3818 857 3907">
     <span class='ocr_line' id='line_1_31' title="bbox 169 3818 857 3907; baseline 0 -23"><span class='ocrx_word' id='word_1_237' title='bbox 169 3877 174 3884; x_wconf 92' lang='lat'><strong>.</strong></span> <span class='ocrx_word' id='word_1_238' title='bbox 194 3818 368 3903; x_wconf 87' lang='lat' dir='ltr'><strong>Xenophon</strong></span> <span class='ocrx_word' id='word_1_239' title='bbox 389 3825 523 3907; x_wconf 86' lang='lat' dir='ltr'><strong>scripsit,</strong></span> <span class='ocrx_word' id='word_1_240' title='bbox 544 3835 574 3885; x_wconf 90' lang='lat' dir='ltr'><strong>et</strong></span> <span class='ocrx_word' id='word_1_241' title='bbox 597 3823 671 3905; x_wconf 59' lang='lat' dir='ltr'><strong>(pri</strong></span> <span class='ocrx_word' id='word_1_242' title='bbox 688 3825 857 3886; x_wconf 76' lang='lat' dir='ltr'><strong>Architecti.</strong></span> 
     </span>
    </p>

    <p class='ocr_par' dir='ltr' id='par_1_13' title="bbox 151 3923 1156 4008">
     <span class='ocr_line' id='line_1_32' title="bbox 151 3923 1156 4008; baseline -0.001 -24"><span class='ocrx_word' id='word_1_243' title='bbox 151 3925 174 4001; x_wconf 74' lang='grc'>4</span> <span class='ocrx_word' id='word_1_244' title='bbox 196 3923 245 3986; x_wconf 86' lang='lat' dir='ltr'><strong>Sic</strong></span> <span class='ocrx_word' id='word_1_245' title='bbox 264 3927 372 3988; x_wconf 88' lang='lat' dir='ltr'><strong>Lamb.</strong></span> <span class='ocrx_word' id='word_1_246' title='bbox 393 3941 423 3990; x_wconf 88' lang='lat' dir='ltr'><strong>et</strong></span> <span class='ocrx_word' id='word_1_247' title='bbox 442 3930 548 3992; x_wconf 87' lang='lat' dir='ltr'><strong>Bosius</strong></span> <span class='ocrx_word' id='word_1_248' title='bbox 567 3951 585 3991; x_wconf 87' lang='lat' dir='ltr'><strong>e</strong></span> <span class='ocrx_word' id='word_1_249' title='bbox 605 3950 674 3992; x_wconf 86' lang='lat' dir='ltr'><strong>mss.</strong></span> <span class='ocrx_word' id='word_1_250' title='bbox 696 3933 756 3993; x_wconf 87' lang='lat' dir='ltr'><strong>suis</strong></span> <span class='ocrx_word' id='word_1_251' title='bbox 777 3930 904 4003; x_wconf 80' lang='lat' dir='ltr'><strong>dedere,</strong></span> <span class='ocrx_word' id='word_1_252' title='bbox 915 3925 1156 4008; x_wconf 82' lang='lat' dir='ltr'><strong>intelligiturque</strong></span> 
     </span>
    </p>
   </div>
   <div class='ocr_carea' id='block_1_6' title="bbox 0 0 1474 5000">
    <p class='ocr_par' dir='ltr' id='par_1_14' title="bbox 0 0 1474 5000">
     <span class='ocr_line' id='line_1_33' title="bbox 0 0 1474 5000; baseline 0 0"><span class='ocrx_word' id='word_1_253' title='bbox 0 0 1474 5000; x_wconf 95' lang='lat' dir='ltr'><strong> </strong></span> 
     </span>
    </p>
   </div>
  </div>
 </body>
</html>
