2886 5000
315 407 414 481 216‘
670 420 840 470 nrrsrota
869 421 945 470 xxx.
1011 475 1014 484 ¹
1095 413 1288 482 anatot

311 557 407 627 mus,
432 527 470 599 iu
494 524 568 602 otio
593 522 806 621 consederit,
831 537 867 595 et
883 523 948 594 iste
965 519 1128 594 sacerdos
1143 537 1171 570 ¹⁰
1189 523 1309 594 Bonae

312 655 420 753 deae,
432 653 529 725 cuius
547 649 643 724 modi
659 648 794 722 futurus
811 649 872 746 sit,
888 647 1046 721 sciemus.
1072 645 1209 719 Interea
1236 647 1310 748 qui-

206 777 209 788 ’
312 782 500 855 demeum
524 777 633 851 Musis
657 800 724 848 nos
756 773 1007 848 delectabimus
1033 772 1151 846 animo
1178 795 1312 872 aequ0,

309 907 418 980 immo
436 928 519 978 vero
537 904 643 974 etiam
660 899 824 999 gaudenti
850 924 891 972 ac
915 897 1047 971 libenti.
1073 895 1197 998 Neque
1225 896 1312 968 mihi

84 1035 88 1043 “
196 1071 199 1076 ·
310 1055 478 1133 umquam
502 1028 620 1102 veniet
643 1026 680 1098 in
697 1039 851 1098 mentem
867 1025 994 1098 Crasso
1011 1021 1170 1096 invidere
1190 1037 1232 1122 ¹¹,
1250 1047 1310 1094 ne-

310 1183 379 1258 que
402 1153 601 1256 poenitere,
626 1151 724 1252 quod
747 1177 768 1224 a
792 1176 848 1224 me
873 1150 949 1250 ipse
975 1174 1048 1222 nou
1074 1148 1293 1221 desciverim.

359 1282 383 1376 4
408 1281 463 1355 De
480 1277 721 1378 Geographia,
747 1275 840 1349 dabo
857 1300 1019 1375 operam,
1034 1287 1075 1346 ut
1091 1272 1156 1345 tibi
1174 1273 1311 1346 satisfa·
1397 1307 1399 1312 v

311 1408 419 1480 ciam:
445 1404 508 1478 sed
532 1403 620 1478 nihil
645 1403 731 1477 certi
747 1401 925 1503 polliceor.
950 1403 1117 1499 Magnum
1134 1424 1225 1498 opus
1243 1412 1314 1497 est,

307 1531 372 1605 sed
396 1545 528 1631 tamen,
552 1544 593 1603 ut
617 1529 731 1629 iubes,
756 1527 905 1626 curabo,
929 1540 970 1599 ut
985 1525 1089 1600 huius
1107 1525 1311 1625 peregrina·

119 1743 125 1754 .
238 1695 241 1700 Δ
304 1658 416 1733 tionis
442 1654 585 1759 aliquod
610 1655 676 1728 tibi
700 1680 790 1754 opus
815 1667 929 1727 exstet
947 1669 985 1724 ¹².

360 1782 382 1856 5
408 1783 465 1855 Tu
490 1780 661 1884 quidquid
684 1780 860 1879 indagaris
877 1779 923 1855 de
939 1804 976 1854 re
993 1776 1153 1878 publica,
1178 1788 1216 1850 et
1241 1803 1311 1850 ma·

304 1895 400 1982 irime
432 1933 521 2010 quos
552 1906 712 1981 consules
748 1907 883 1980 futuros
922 1918 1025 2005 putes
1044 1905 1085 2004 ¹³,
1109 1903 1239 2002 facito,
1272 1916 1311 1975 ut

308 2035 432 2111 sciam:
458 2032 598 2106 tametsi
622 2034 736 2105 minus
766 2059 844 2106 sum
870 2031 1036 2105 curiosus.
1070 2029 1185 2103 Statui
1217 2029 1310 2104 enim

307 2143 397 2235 uiliil
421 2160 492 2231 iam
517 2158 561 2231 de
586 2185 624 2237 re
649 2157 789 2259 publica
815 2159 977 2255 cogitare.

358 2285 383 2360 6
410 2267 595 2368 Terentiae
612 2284 739 2357 saltum
756 2283 1004 2384 perspeximus.
1032 2279 1131 2373 Quid
1151 2279 1311 2382 quaeris?

307 2425 446 2512 praeter
478 2437 645 2512 quercum
669 2409 899 2485 Dodonaeam
930 2406 1018 2480 nihil
1051 2406 1313 2504 desideramus,

309 2561 379 2638 quo
404 2532 518 2608 miirus
543 2537 692 2636 Epirum
716 2536 830 2635 ipsam
854 2532 1035 2635 possidere
1050 2521 1256 2607 ‘videamur

305 2759 308 2766 γ
360 2690 380 2762 7
406 2661 481 2735 Nos
493 2719 495 2728 .
507 2662 643 2735 circiter
667 2660 845 2734 Kalendas
859 2657 889 2726 ¹4
907 2673 967 2732 aut
983 2659 1021 2731 iu
1037 2658 1230 2743 Formiano
1248 2659 1311 2732 eri·
1393 2735 1397 2742 ,

263 2845 267 2855 .
308 2811 404 2885 mus,
430 2801 490 2860 aut
514 2789 552 2860 iu
576 2787 802 2888 Pompeiano.
829 2785 903 2885 Tu,
927 2785 956 2858 si
974 2785 1013 2858 in
1028 2784 1219 2859 Formiano
1237 2811 1310 2858 non

308 2913 454 3011 erimus,
479 2915 508 2986 si
525 2937 590 2986 nos
608 2939 720 3012 amas,
734 2914 774 2994 iu
790 2911 1048 3012 Pompeianum
1064 2912 1194 3013 yenito.
1211 2911 1256 2984 Id
1275 2925 1310 2984 et

305 3036 410 3112 uobis
435 3039 501 3110 erit
524 3037 794 3139 periucundum,
819 3053 857 3110 et
881 3037 945 3110 tibi
962 3063 1036 3111 non
1053 3062 1137 3110 sane
1156 3037 1307 3121 devium.

308 3185 309 3196 ¹
357 3166 381 3236 8
405 3164 458 3237 De
484 3189 584 3236 muro
600 3167 639 3262 ¹⁵,
664 3145 835 3265 imperari
859 3163 1070 3262 Philotimo,
1094 3189 1140 3236 ne
1157 3163 1306 3265 impedi·

306 3299 377 3386 ret,
402 3312 473 3388 quo
489 3269 659 3361 minus'id
675 3291 789 3390 fieret,
816 3288 913 3390 quod
930 3288 994 3362 tibi
1012 3289 1200 3363 videretur.
1220 3286 1307 3364 Cen-

307 3437 367 3486 seo
388 3415 418 3463 ¹⁶
444 3427 580 3514 tamen,
605 3414 770 3488 adhibeas
789 3415 959 3488 Vettium.
992 3415 1056 3488 His
1073 3415 1307 3517 temporibus,

306 3551 380 3612 tam
405 3538 510 3613 dubia
532 3543 604 3614 vita
630 3542 754 3643 optimi
772 3542 939 3644 cuiusque
959 3557 999 3641 ¹7,
1023 3544 1141 3648 magni
1159 3543 1303 3616 aestimo

305 3665 407 3738 unius
433 3669 572 3769 aestatis
591 3669 741 3742 fructum
760 3669 789 3720 ¹⁸
815 3663 1009 3768 palaestrae
1024 3667 1225 3769 Palatinae,
1242 3665 1300 3742 sed

305 3790 353 3864 ita
379 3807 513 3892 tamen,
528 3774 577 3866 ”ut
602 3795 687 3868 nihil
719 3796 833 3868 minus
858 3793 981 3895 velim,
1016 3821 1123 3898 quam
1147 3785 1301 3896 Pompo·

305 3917 398 3994 uiam
424 3934 459 3993 et
484 3947 632 4022 puerum
656 3922 785 3999 versari
810 3922 847 3994 in
872 3923 997 3998 timore
1021 3921 1153 3996 ruinae.

656 4031 669 4062 l
