<?xml version="1.0" encoding="UTF-8"?>
<!DOCTYPE html PUBLIC "-//W3C//DTD XHTML 1.0 Transitional//EN"
    "http://www.w3.org/TR/xhtml1/DTD/xhtml1-transitional.dtd">
<html xmlns="http://www.w3.org/1999/xhtml" xml:lang="en" lang="en">
 <head>
  <title>
</title>
<meta http-equiv="Content-Type" content="text/html;charset=utf-8" />
  <meta name='ocr-system' content='tesseract 3.04.00' />
  <meta name='ocr-capabilities' content='ocr_page ocr_carea ocr_par ocr_line ocrx_word'/>
</head>
<body>
  <div class='ocr_page' id='page_1' title='image "./mtulliiciceroni76cicegoog_0034.png"; bbox 0 0 2880 5014; ppageno 0'>
   <div class='ocr_carea' id='block_1_1' title="bbox 426 379 1141 494">
    <p class='ocr_par' dir='ltr' id='par_1_1' title="bbox 426 379 1141 494">
     <span class='ocr_line' id='line_1_1' title="bbox 426 379 1141 494; baseline 0.013 -10"><span class='ocrx_word' id='word_1_1' title='bbox 426 379 433 416; x_wconf 62' lang='lat'><em>)</em></span> <span class='ocrx_word' id='word_1_2' title='bbox 513 434 758 489; x_wconf 76' lang='lat' dir='ltr'><strong>tnruottvc&#39;rro</strong></span> <span class='ocrx_word' id='word_1_3' title='bbox 1070 443 1141 494; x_wconf 71' lang='lat' dir='ltr'><strong>XXV</strong></span> 
     </span>
    </p>
   </div>
   <div class='ocr_carea' id='block_1_2' title="bbox 129 534 1250 1996">
    <p class='ocr_par' dir='ltr' id='par_1_2' title="bbox 129 534 1250 1996">
     <span class='ocr_line' id='line_1_2' title="bbox 140 534 1140 654; baseline 0.003 -33"><span class='ocrx_word' id='word_1_4' title='bbox 140 536 401 650; x_wconf 75' lang='lat' dir='ltr'><strong>tenebrasque</strong></span> <span class='ocrx_word' id='word_1_5' title='bbox 430 540 551 621; x_wconf 83' lang='lat' dir='ltr'><strong>etiarn</strong></span> <span class='ocrx_word' id='word_1_6' title='bbox 586 539 759 654; x_wconf 84' lang='lat' dir='ltr'><strong>epistolis</strong></span> <span class='ocrx_word' id='word_1_7' title='bbox 788 534 1023 641; x_wconf 84' lang='lat' dir='ltr'><strong>offundere,</strong></span> <span class='ocrx_word' id='word_1_8' title='bbox 1059 547 1140 624; x_wconf 88' lang='lat' dir='ltr'><strong>iam</strong></span> 
     </span>
     <span class='ocr_line' id='line_1_3' title="bbox 135 687 1139 801; baseline 0.003 -31"><span class='ocrx_word' id='word_1_9' title='bbox 135 688 291 801; x_wconf 83' lang='lat' dir='ltr'><strong>pridem</strong></span> <span class='ocrx_word' id='word_1_10' title='bbox 320 687 511 774; x_wconf 83' lang='lat' dir='ltr'><strong>viderunt</strong></span> <span class='ocrx_word' id='word_1_11' title='bbox 538 692 614 773; x_wconf 82' lang='lat' dir='ltr'><strong>viri</strong></span> <span class='ocrx_word' id='word_1_12' title='bbox 636 689 756 774; x_wconf 88' lang='lat' dir='ltr'><strong>docti.</strong></span> <span class='ocrx_word' id='word_1_13' title='bbox 787 689 842 772; x_wconf 86' lang='lat' dir='ltr'><strong>At</strong></span> <span class='ocrx_word' id='word_1_14' title='bbox 878 719 1032 776; x_wconf 87' lang='lat' dir='ltr'><strong>novum</strong></span> <span class='ocrx_word' id='word_1_15' title='bbox 1066 689 1139 773; x_wconf 85' lang='lat' dir='ltr'><strong>ad-</strong></span> 
     </span>
     <span class='ocr_line' id='line_1_4' title="bbox 135 835 1250 958; baseline 0.004 -38"><span class='ocrx_word' id='word_1_16' title='bbox 135 854 300 950; x_wconf 88' lang='lat' dir='ltr'><strong>optare,</strong></span> <span class='ocrx_word' id='word_1_17' title='bbox 329 842 373 958; x_wconf 79' lang='lat' dir='ltr'><strong>in</strong></span> <span class='ocrx_word' id='word_1_18' title='bbox 401 839 614 922; x_wconf 88' lang='lat' dir='ltr'><strong>nonnullas</strong></span> <span class='ocrx_word' id='word_1_19' title='bbox 647 841 820 923; x_wconf 80' lang='lat' dir='ltr'><strong>incurrit</strong></span> <span class='ocrx_word' id='word_1_20' title='bbox 857 835 1137 942; x_wconf 83' lang='lat' dir='ltr'><strong>difficultates,</strong></span> <span class='ocrx_word' id='word_1_21' title='bbox 1245 939 1250 952; x_wconf 22' lang='lat' dir='ltr'><em>A</em></span> 
     </span>
     <span class='ocr_line' id='line_1_5' title="bbox 132 987 1136 1100; baseline 0.004 -33"><span class='ocrx_word' id='word_1_22' title='bbox 132 1016 235 1100; x_wconf 89' lang='lat' dir='ltr'><strong>quae</strong></span> <span class='ocrx_word' id='word_1_23' title='bbox 265 1015 421 1100; x_wconf 79' lang='lat' dir='ltr'><strong>semper</strong></span> <span class='ocrx_word' id='word_1_24' title='bbox 449 987 618 1072; x_wconf 83' lang='lat' dir='ltr'><strong>editores</strong></span> <span class='ocrx_word' id='word_1_25' title='bbox 646 1017 669 1069; x_wconf 89' lang='lat' dir='ltr'><strong>a</strong></span> <span class='ocrx_word' id='word_1_26' title='bbox 699 988 864 1072; x_wconf 89' lang='lat' dir='ltr'><strong>consilio</strong></span> <span class='ocrx_word' id='word_1_27' title='bbox 886 992 1029 1072; x_wconf 89' lang='lat' dir='ltr'><strong>veteris</strong></span> <span class='ocrx_word' id='word_1_28' title='bbox 1058 994 1136 1071; x_wconf 90' lang='lat' dir='ltr'><strong>im-</strong></span> 
     </span>
     <span class='ocr_line' id='line_1_6' title="bbox 132 1135 1136 1250; baseline 0.001 -31"><span class='ocrx_word' id='word_1_29' title='bbox 132 1135 317 1220; x_wconf 88' lang='lat' dir='ltr'><strong>mutandi</strong></span> <span class='ocrx_word' id='word_1_30' title='bbox 351 1135 664 1221; x_wconf 70' lang='lat' dir='ltr'><strong>absterruerunt.</strong></span> <span class='ocrx_word' id='word_1_31' title='bbox 708 1139 828 1222; x_wconf 85' lang='lat' dir='ltr'><strong>Duae</strong></span> <span class='ocrx_word' id='word_1_32' title='bbox 861 1136 1026 1248; x_wconf 86' lang='lat' dir='ltr'><strong>quidem</strong></span> <span class='ocrx_word' id='word_1_33' title='bbox 1059 1141 1136 1250; x_wconf 89' lang='lat' dir='ltr'><strong>ipsi</strong></span> 
     </span>
     <span class='ocr_line' id='line_1_7' title="bbox 134 1287 1136 1399; baseline -0.002 -29"><span class='ocrx_word' id='word_1_34' title='bbox 134 1287 195 1370; x_wconf 62' lang='lat' dir='ltr'><strong>Vr</strong></span> <span class='ocrx_word' id='word_1_35' title='bbox 214 1287 262 1368; x_wconf 89' lang='lat' dir='ltr'><strong>C.</strong></span> <span class='ocrx_word' id='word_1_36' title='bbox 292 1287 369 1368; x_wconf 92' lang='lat' dir='ltr'><strong>Ios.</strong></span> <span class='ocrx_word' id='word_1_37' title='bbox 400 1289 506 1371; x_wconf 75' lang='lat' dir='ltr'><strong>vict.</strong></span> <span class='ocrx_word' id='word_1_38' title='bbox 535 1287 714 1387; x_wconf 89' lang='lat' dir='ltr'><strong>Clerico,</strong></span> <span class='ocrx_word' id='word_1_39' title='bbox 743 1314 900 1399; x_wconf 90' lang='lat' dir='ltr'><strong>nupero</strong></span> <span class='ocrx_word' id='word_1_40' title='bbox 929 1287 1136 1368; x_wconf 85' lang='lat' dir='ltr'><strong>Ciceronis</strong></span> 
     </span>
     <span class='ocr_line' id='line_1_8' title="bbox 133 1433 1135 1549; baseline 0.003 -34"><span class='ocrx_word' id='word_1_41' title='bbox 133 1433 297 1537; x_wconf 89' lang='lat' dir='ltr'><strong>editori,</strong></span> <span class='ocrx_word' id='word_1_42' title='bbox 326 1465 366 1518; x_wconf 90' lang='lat' dir='ltr'><strong>se</strong></span> <span class='ocrx_word' id='word_1_43' title='bbox 394 1467 434 1518; x_wconf 88' lang='lat' dir='ltr'><strong>se</strong></span> <span class='ocrx_word' id='word_1_44' title='bbox 463 1435 718 1519; x_wconf 90' lang='lat' dir='ltr'><strong>obtulerunt:</strong></span> <span class='ocrx_word' id='word_1_45' title='bbox 742 1436 884 1535; x_wconf 86' lang='lat' dir='ltr'><strong>altera,</strong></span> <span class='ocrx_word' id='word_1_46' title='bbox 905 1463 990 1517; x_wconf 89' lang='lat' dir='ltr'><strong>non</strong></span> <span class='ocrx_word' id='word_1_47' title='bbox 1011 1464 1135 1549; x_wconf 87' lang='lat' dir='ltr'><strong>opor-</strong></span> 
     </span>
     <span class='ocr_line' id='line_1_9' title="bbox 130 1581 1134 1698; baseline -0.001 -30"><span class='ocrx_word' id='word_1_48' title='bbox 130 1601 210 1668; x_wconf 81' lang='lat' dir='ltr'><strong>tere</strong></span> <span class='ocrx_word' id='word_1_49' title='bbox 252 1589 360 1670; x_wconf 79' lang='lat' dir='ltr'><strong>viros</strong></span> <span class='ocrx_word' id='word_1_50' title='bbox 402 1587 599 1686; x_wconf 85' lang='lat' dir='ltr'><strong>literatos,</strong></span> <span class='ocrx_word' id='word_1_51' title='bbox 642 1587 822 1698; x_wconf 81' lang='lat' dir='ltr'><strong>vulgus,</strong></span> <span class='ocrx_word' id='word_1_52' title='bbox 865 1581 1134 1666; x_wconf 82' lang='lat' dir='ltr'><strong>adolescentes</strong></span> 
     </span>
     <span class='ocr_line' id='line_1_10' title="bbox 130 1732 1132 1846; baseline 0.002 -34"><span class='ocrx_word' id='word_1_53' title='bbox 130 1737 236 1846; x_wconf 91' lang='lat' dir='ltr'><strong>ipsos</strong></span> <span class='ocrx_word' id='word_1_54' title='bbox 265 1735 390 1817; x_wconf 86' lang='lat' dir='ltr'><strong>veteri</strong></span> <span class='ocrx_word' id='word_1_55' title='bbox 418 1733 550 1816; x_wconf 91' lang='lat' dir='ltr'><strong>ordini</strong></span> <span class='ocrx_word' id='word_1_56' title='bbox 578 1749 752 1816; x_wconf 81' lang='lat' dir='ltr'><strong>assuetos</strong></span> <span class='ocrx_word' id='word_1_57' title='bbox 781 1732 830 1815; x_wconf 90' lang='lat' dir='ltr'><strong>de</strong></span> <span class='ocrx_word' id='word_1_58' title='bbox 864 1761 960 1832; x_wconf 90' lang='lat' dir='ltr'><strong>sua,</strong></span> <span class='ocrx_word' id='word_1_59' title='bbox 1003 1747 1051 1814; x_wconf 93' lang='lat' dir='ltr'><strong>ut</strong></span> <span class='ocrx_word' id='word_1_60' title='bbox 1079 1735 1132 1814; x_wconf 89' lang='lat' dir='ltr'><strong>ita</strong></span> 
     </span>
     <span class='ocr_line' id='line_1_11' title="bbox 129 1879 1133 1996; baseline 0.001 -33"><span class='ocrx_word' id='word_1_61' title='bbox 129 1883 286 1982; x_wconf 83' lang='lat' dir='ltr'><strong>dicam,</strong></span> <span class='ocrx_word' id='word_1_62' title='bbox 316 1885 584 1994; x_wconf 89' lang='lat' dir='ltr'><strong>possessione,</strong></span> <span class='ocrx_word' id='word_1_63' title='bbox 624 1911 747 1994; x_wconf 74' lang='lat' dir='ltr'><strong>quun</strong></span> <span class='ocrx_word' id='word_1_64' title='bbox 777 1879 1043 1996; x_wconf 84' lang='lat' dir='ltr'><strong>iampridem</strong></span> <span class='ocrx_word' id='word_1_65' title='bbox 1073 1898 1133 1964; x_wconf 87' lang='lat' dir='ltr'><strong>tc-</strong></span> 
     </span>
    </p>
   </div>
   <div class='ocr_carea' id='block_1_3' title="bbox 129 2027 1132 2146">
    <p class='ocr_par' dir='ltr' id='par_1_3' title="bbox 129 2027 1132 2146">
     <span class='ocr_line' id='line_1_12' title="bbox 129 2027 1132 2146; baseline -0.001 -33"><span class='ocrx_word' id='word_1_66' title='bbox 129 2046 248 2132; x_wconf 91' lang='lat' dir='ltr'><strong>nent,</strong></span> <span class='ocrx_word' id='word_1_67' title='bbox 278 2027 512 2133; x_wconf 82' lang='lat' dir='ltr'><strong>deturbare3</strong></span> <span class='ocrx_word' id='word_1_68' title='bbox 551 2033 696 2132; x_wconf 84' lang='lat' dir='ltr'><strong>altera,</strong></span> <span class='ocrx_word' id='word_1_69' title='bbox 725 2033 1031 2146; x_wconf 83' lang='lat' dir='ltr'><strong>provocationes</strong></span> <span class='ocrx_word' id='word_1_70' title='bbox 1060 2059 1132 2114; x_wconf 82' lang='lat' dir='ltr'><strong>ve-</strong></span> 
     </span>
    </p>
   </div>
   <div class='ocr_carea' id='block_1_4' title="bbox 7 2179 1134 3941">
    <p class='ocr_par' dir='ltr' id='par_1_4' title="bbox 7 2179 1134 3941">
     <span class='ocr_line' id='line_1_13' title="bbox 128 2179 1132 2293; baseline -0.003 -31"><span class='ocrx_word' id='word_1_71' title='bbox 128 2196 262 2265; x_wconf 89' lang='lat' dir='ltr'><strong>terum</strong></span> <span class='ocrx_word' id='word_1_72' title='bbox 290 2184 534 2293; x_wconf 88' lang='lat' dir='ltr'><strong>scriptorum</strong></span> <span class='ocrx_word' id='word_1_73' title='bbox 569 2197 609 2262; x_wconf 87' lang='lat' dir='ltr'><strong>et</strong></span> <span class='ocrx_word' id='word_1_74' title='bbox 637 2185 906 2263; x_wconf 89' lang='lat' dir='ltr'><strong>recentiorum</strong></span> <span class='ocrx_word' id='word_1_75' title='bbox 935 2179 985 2260; x_wconf 85' lang='lat' dir='ltr'><strong>ad</strong></span> <span class='ocrx_word' id='word_1_76' title='bbox 1014 2181 1132 2260; x_wconf 86' lang='lat' dir='ltr'><strong>Cice-</strong></span> 
     </span>
     <span class='ocr_line' id='line_1_14' title="bbox 126 2329 1130 2444; baseline -0.002 -32"><span class='ocrx_word' id='word_1_77' title='bbox 126 2359 272 2412; x_wconf 89' lang='lat' dir='ltr'><strong>ronem·</strong></span> <span class='ocrx_word' id='word_1_78' title='bbox 296 2357 434 2412; x_wconf 91' lang='lat' dir='ltr'><strong>omnes</strong></span> <span class='ocrx_word' id='word_1_79' title='bbox 469 2333 680 2444; x_wconf 83' lang='lat' dir='ltr'><strong>vulgatum</strong></span> <span class='ocrx_word' id='word_1_80' title='bbox 710 2329 901 2412; x_wconf 78' lang='lat' dir='ltr'><strong>&#39;ordinem</strong></span> <span class='ocrx_word' id='word_1_81' title='bbox 942 2346 1130 2442; x_wconf 85' lang='lat' dir='ltr'><strong>spectare.</strong></span> 
     </span>
     <span class='ocr_line' id='line_1_15' title="bbox 127 2463 1131 2562; baseline -0.002 -2"><span class='ocrx_word' id='word_1_82' title='bbox 127 2479 203 2560; x_wconf 85' lang='lat' dir='ltr'><strong>Sed</strong></span> <span class='ocrx_word' id='word_1_83' title='bbox 228 2482 378 2562; x_wconf 88' lang='lat' dir='ltr'><strong>invitos</strong></span> <span class='ocrx_word' id='word_1_84' title='bbox 400 2507 422 2560; x_wconf 88' lang='lat' dir='ltr'><strong>a</strong></span> <span class='ocrx_word' id='word_1_85' title='bbox 444 2463 669 2562; x_wconf 36' lang='lat' dir='ltr'><strong>suo&#39;fundo</strong></span> <span class='ocrx_word' id='word_1_86' title='bbox 691 2508 764 2561; x_wconf 89' lang='lat' dir='ltr'><strong>nos</strong></span> <span class='ocrx_word' id='word_1_87' title='bbox 784 2483 949 2561; x_wconf 90' lang='lat' dir='ltr'><strong>minime</strong></span> <span class='ocrx_word' id='word_1_88' title='bbox 972 2478 1131 2561; x_wconf 88' lang='lat' dir='ltr'><strong>deiicie-</strong></span> 
     </span>
     <span class='ocr_line' id='line_1_16' title="bbox 31 2627 1132 2742; baseline -0.002 -32"><span class='ocrx_word' id='word_1_89' title='bbox 31 2699 35 2710; x_wconf 93' lang='lat'>.</span> <span class='ocrx_word' id='word_1_90' title='bbox 127 2644 259 2729; x_wconf 76' lang='lat' dir='ltr'><strong>mus,</strong></span> <span class='ocrx_word' id='word_1_91' title='bbox 274 2631 306 2707; x_wconf 91' lang='lat' dir='ltr'><strong>si</strong></span> <span class='ocrx_word' id='word_1_92' title='bbox 336 2656 401 2708; x_wconf 90' lang='lat' dir='ltr'><strong>eos</strong></span> <span class='ocrx_word' id='word_1_93' title='bbox 430 2632 472 2710; x_wconf 91' lang='lat' dir='ltr'><strong>in</strong></span> <span class='ocrx_word' id='word_1_94' title='bbox 503 2630 789 2742; x_wconf 88' lang='lat' dir='ltr'><strong>possessionem</strong></span> <span class='ocrx_word' id='word_1_95' title='bbox 807 2627 1003 2710; x_wconf 91' lang='lat' dir='ltr'><strong>uberioris</strong></span> <span class='ocrx_word' id='word_1_96' title='bbox 1022 2655 1132 2740; x_wconf 85' lang='lat' dir='ltr'><strong>prae·</strong></span> 
     </span>
     <span class='ocr_line' id='line_1_17' title="bbox 127 2773 1131 2875; baseline -0.001 -18"><span class='ocrx_word' id='word_1_97' title='bbox 127 2777 181 2857; x_wconf 89' lang='lat' dir='ltr'><strong>dii</strong></span> <span class='ocrx_word' id='word_1_98' title='bbox 222 2775 533 2860; x_wconf 87' lang='lat' dir='ltr'><strong>collocabimus:</strong></span> <span class='ocrx_word' id='word_1_99' title='bbox 570 2779 684 2860; x_wconf 87' lang='lat' dir='ltr'><strong>alteri</strong></span> <span class='ocrx_word' id='word_1_100' title='bbox 718 2793 854 2858; x_wconf 84' lang='lat' dir='ltr'><strong>autem</strong></span> <span class='ocrx_word' id='word_1_101' title='bbox 882 2773 1131 2875; x_wconf 87' lang='lat' dir='ltr'><strong>difficultati,</strong></span> 
     </span>
     <span class='ocr_line' id='line_1_18' title="bbox 126 2923 1130 3039; baseline -0.001 -32"><span class='ocrx_word' id='word_1_102' title='bbox 126 2957 229 3039; x_wconf 88' lang='lat' dir='ltr'><strong>quae</strong></span> <span class='ocrx_word' id='word_1_103' title='bbox 258 2928 393 3039; x_wconf 87' lang='lat' dir='ltr'><strong>potior</strong></span> <span class='ocrx_word' id='word_1_104' title='bbox 419 2925 536 3011; x_wconf 87' lang='lat' dir='ltr'><strong>nobis</strong></span> <span class='ocrx_word' id='word_1_105' title='bbox 565 2943 649 3028; x_wconf 88' lang='lat' dir='ltr'><strong>est,</strong></span> <span class='ocrx_word' id='word_1_106' title='bbox 680 2930 770 3009; x_wconf 89' lang='lat' dir='ltr'><strong>satis</strong></span> <span class='ocrx_word' id='word_1_107' title='bbox 797 2929 937 3039; x_wconf 88' lang='lat' dir='ltr'><strong>utique</strong></span> <span class='ocrx_word' id='word_1_108' title='bbox 967 2953 1040 3006; x_wconf 90' lang='lat' dir='ltr'><strong>nos</strong></span> <span class='ocrx_word' id='word_1_109' title='bbox 1069 2923 1130 3008; x_wconf 86' lang='lat' dir='ltr'><strong>fa·</strong></span> 
     </span>
     <span class='ocr_line' id='line_1_19' title="bbox 125 3074 1134 3189; baseline -0.002 -31"><span class='ocrx_word' id='word_1_110' title='bbox 125 3093 263 3158; x_wconf 91' lang='lat' dir='ltr'><strong>cturos</strong></span> <span class='ocrx_word' id='word_1_111' title='bbox 276 3074 473 3178; x_wconf 84' lang='lat' dir='ltr'><strong>videmur,</strong></span> <span class='ocrx_word' id='word_1_112' title='bbox 486 3103 618 3189; x_wconf 86' lang='lat' dir='ltr'><strong>quum</strong></span> <span class='ocrx_word' id='word_1_113' title='bbox 632 3078 810 3158; x_wconf 89' lang='lat' dir='ltr'><strong>tabulam</strong></span> <span class='ocrx_word' id='word_1_114' title='bbox 822 3075 1005 3157; x_wconf 86' lang='lat' dir='ltr'><strong>addimus</strong></span> <span class='ocrx_word' id='word_1_115' title='bbox 1022 3103 1134 3156; x_wconf 85' lang='lat' dir='ltr'><strong>com·</strong></span> 
     </span>
     <span class='ocr_line' id='line_1_20' title="bbox 126 3225 1129 3339; baseline -0.003 -33"><span class='ocrx_word' id='word_1_116' title='bbox 126 3226 367 3338; x_wconf 78' lang='lat' dir='ltr'><strong>parationiS,</strong></span> <span class='ocrx_word' id='word_1_117' title='bbox 410 3227 526 3306; x_wconf 91' lang='lat' dir='ltr'><strong>cuius</strong></span> <span class='ocrx_word' id='word_1_118' title='bbox 555 3255 631 3339; x_wconf 91' lang='lat' dir='ltr'><strong>ope</strong></span> <span class='ocrx_word' id='word_1_119' title='bbox 669 3228 793 3309; x_wconf 91' lang='lat' dir='ltr'><strong>lector</strong></span> <span class='ocrx_word' id='word_1_120' title='bbox 822 3225 957 3308; x_wconf 90' lang='lat' dir='ltr'><strong>doceri</strong></span> <span class='ocrx_word' id='word_1_121' title='bbox 985 3227 1129 3337; x_wconf 90' lang='lat' dir='ltr'><strong>possit,</strong></span> 
     </span>
     <span class='ocr_line' id='line_1_21' title="bbox 125 3372 1128 3494; baseline 0 -40"><span class='ocrx_word' id='word_1_122' title='bbox 125 3399 248 3494; x_wconf 84' lang='lat' dir='ltr'><strong>quem</strong></span> <span class='ocrx_word' id='word_1_123' title='bbox 277 3401 461 3486; x_wconf 84' lang='lat' dir='ltr'><strong>quaeque</strong></span> <span class='ocrx_word' id='word_1_124' title='bbox 489 3377 652 3489; x_wconf 85' lang='lat' dir='ltr'><strong>epistola</strong></span> <span class='ocrx_word' id='word_1_125' title='bbox 681 3375 816 3458; x_wconf 89' lang='lat' dir='ltr'><strong>locum</strong></span> <span class='ocrx_word' id='word_1_126' title='bbox 846 3377 888 3454; x_wconf 90' lang='lat' dir='ltr'><strong>in</strong></span> <span class='ocrx_word' id='word_1_127' title='bbox 919 3397 1023 3458; x_wconf 88' lang='lat' dir='ltr'><strong>nova</strong></span> <span class='ocrx_word' id='word_1_128' title='bbox 1052 3372 1128 3454; x_wconf 88' lang='lat' dir='ltr'><strong>hac</strong></span> 
     </span>
     <span class='ocr_line' id='line_1_22' title="bbox 125 3519 1128 3635; baseline -0.001 -31"><span class='ocrx_word' id='word_1_129' title='bbox 125 3522 392 3635; x_wconf 90' lang='lat' dir='ltr'><strong>descriptione</strong></span> <span class='ocrx_word' id='word_1_130' title='bbox 421 3522 609 3607; x_wconf 85' lang='lat' dir='ltr'><strong>obtineat.</strong></span> <span class='ocrx_word' id='word_1_131' title='bbox 649 3527 783 3610; x_wconf 85' lang='lat' dir='ltr'><strong>Tertia</strong></span> <span class='ocrx_word' id='word_1_132' title='bbox 813 3527 990 3608; x_wconf 88' lang='lat' dir='ltr'><strong>occurrit</strong></span> <span class='ocrx_word' id='word_1_133' title='bbox 1019 3519 1128 3604; x_wconf 90' lang='lat' dir='ltr'><strong>diffi-</strong></span> 
     </span>
     <span class='ocr_line' id='line_1_23' title="bbox 125 3672 1129 3784; baseline 0 -33"><span class='ocrx_word' id='word_1_134' title='bbox 125 3672 269 3773; x_wconf 82' lang='lat' dir='ltr'><strong>cultas,</strong></span> <span class='ocrx_word' id='word_1_135' title='bbox 283 3673 401 3753; x_wconf 87' lang='lat' dir='ltr'><strong>cuius</strong></span> <span class='ocrx_word' id='word_1_136' title='bbox 415 3677 606 3784; x_wconf 80' lang='lat' dir='ltr'><strong>gravitate</strong></span> <span class='ocrx_word' id='word_1_137' title='bbox 625 3673 823 3758; x_wconf 84' lang='lat' dir='ltr'><strong>adductus</strong></span> <span class='ocrx_word' id='word_1_138' title='bbox 845 3677 1028 3758; x_wconf 84' lang='lat' dir='ltr'><strong>Olivetus</strong></span> <span class='ocrx_word' id='word_1_139' title='bbox 1048 3676 1129 3784; x_wconf 50' lang='lat' dir='ltr'><strong>epi*</strong></span> 
     </span>
     <span class='ocr_line' id='line_1_24' title="bbox 7 3821 1126 3941; baseline -0.001 -41"><span class='ocrx_word' id='word_1_140' title='bbox 7 3845 8 3850; x_wconf 65' lang='lat'>‘</span> <span class='ocrx_word' id='word_1_141' title='bbox 126 3822 317 3902; x_wconf 88' lang='lat' dir='ltr'><strong>stolarum</strong></span> <span class='ocrx_word' id='word_1_142' title='bbox 336 3851 408 3933; x_wconf 91' lang='lat' dir='ltr'><strong>per</strong></span> <span class='ocrx_word' id='word_1_143' title='bbox 422 3837 601 3936; x_wconf 86' lang='lat' dir='ltr'><strong>tempora</strong></span> <span class='ocrx_word' id='word_1_144' title='bbox 620 3825 953 3941; x_wconf 86' lang='lat' dir='ltr'><strong>dispensationem</strong></span> <span class='ocrx_word' id='word_1_145' title='bbox 967 3821 1126 3902; x_wconf 89' lang='lat' dir='ltr'><strong>abiecit:</strong></span> 
     </span>
    </p>
   </div>
   <div class='ocr_carea' id='block_1_5' title="bbox 170 3999 957 4069">
    <p class='ocr_par' dir='ltr' id='par_1_5' title="bbox 170 3999 957 4069">
     <span class='ocr_line' id='line_1_25' title="bbox 170 3999 957 4069; baseline 0.019 -8"><span class='ocrx_word' id='word_1_146' title='bbox 170 3999 275 4066; x_wconf 75' lang='lat' dir='ltr'><strong>Cmra.</strong></span> <span class='ocrx_word' id='word_1_147' title='bbox 299 4001 342 4065; x_wconf 89' lang='lat' dir='ltr'><strong>II.</strong></span> <span class='ocrx_word' id='word_1_148' title='bbox 364 4037 403 4050; x_wconf 90' lang='lat'>-</span> <span class='ocrx_word' id='word_1_149' title='bbox 427 4000 501 4068; x_wconf 77' lang='lat' dir='ltr'><strong>Len.</strong></span> <span class='ocrx_word' id='word_1_150' title='bbox 529 4005 563 4067; x_wconf 85' lang='grc' dir='ltr'><strong>Τ.</strong></span> <span class='ocrx_word' id='word_1_151' title='bbox 583 4005 610 4069; x_wconf 85' lang='lat' dir='ltr'><strong>I.</strong></span> <span class='ocrx_word' id='word_1_152' title='bbox 909 4005 957 4066; x_wconf 71' lang='lat' dir='ltr'><strong>B*</strong></span> 
     </span>
    </p>
   </div>
   <div class='ocr_carea' id='block_1_6' title="bbox 0 0 1444 5014">
    <p class='ocr_par' dir='ltr' id='par_1_6' title="bbox 0 0 1444 5014">
     <span class='ocr_line' id='line_1_26' title="bbox 0 0 1444 5014; baseline 0 3"><span class='ocrx_word' id='word_1_153' title='bbox 0 0 1444 5014; x_wconf 95' lang='lat' dir='ltr'><strong> </strong></span> 
     </span>
    </p>
   </div>
  </div>
 </body>
</html>
