2924 5002
324 407 394 481 27²
679 400 849 452 crissoni
874 405 955 454 ω.
1099 401 1130 454 s.
1148 407 1181 454 v.
1200 409 1229 455 c.
1246 404 1299 470 694

321 631 380 706 dio
400 647 439 703 ¹².

321 532 391 581 vox
415 506 573 580 omnium
608 505 718 605 magis
751 505 836 580 odio
868 507 1027 604 firmata,
1057 533 1163 607 quam
1189 512 1322 610 praesi-
1447 539 1448 554 ¹

328 761 392 840 ’,3
418 755 547 832 Noster
571 771 688 830 autem
713 755 859 832 Publius
882 756 968 830 mihi
984 757 1184 832 inimicatur
1198 761 1246 860 ¹³5
1263 763 1328 836 im-
1444 745 1448 784 ⁴

320 881 454 984 pendet
477 883 679 984 negotium3
711 881 758 956 ad
786 883 893 984 quod'
908 897 948 956 tu
973 883 1106 958 sufficet
1131 884 1327 962 advolabis.

319 1009 456 1086 Videor
490 1009 578 1084 mihi
609 1005 772 1084 nostrum
808 1007 908 1084 illurn
942 1009 1160 1084 consularem
1194 1016 1328 1088 exerci-

320 1149 397 1212 tum
417 1134 447 1202 ¹4
463 1135 647 1222 =honorum
672 1135 849 1236 omnium,
875 1137 988 1212 etiam
1019 1137 1103 1210 satis
1127 1136 1306 1213 bonorum
1318 1197 1329 1241 ‚

189 1320 193 1349 .
319 1261 450 1358 habere
475 1263 720 1337 firmissimum.
752 1262 945 1364 Pompeius
959 1263 1145 1362 ¹significat
1169 1266 1329 1340 studium

320 1413 401 1489 erga
426 1414 484 1462 me
512 1414 587 1462 non
620 1388 808 1463 mediocre.
840 1387 953 1462 Idem?
974 1388 1144 1489 affirmat,
1177 1389 1328 1465 verbnm
1447 1393 1448 1416 ¹

321 1512 447 1588 deme
472 1513 571 1588 illum
595 1540 669 1587 non
702 1541 778 1587 esse
810 1513 984 1587 iacturum
1003 1515 1042 1586 ¹⁵.
1073 1516 1117 1588 In
1150 1541 1222 1616 quo
1252 1515 1328 1591 non

319 1667 378 1715 me
402 1640 460 1715 ille
485 1639 595 1742 fallit,
620 1640 683 1715 sed
707 1642 784 1742 ipse
807 1639 945 1714 fallitur.
978 1641 1154 1716 Cosconio
1175 1644 1204 1692 ¹⁶
1231 1668 1328 1716 mor-

320 1781 400 1867 tuo,
425 1794 503 1860 sum
528 1767 666 1842 ineius
691 1768 810 1841 locum
834 1743 1011 1840 invitatus
1037 1765 1082 1840 Id
1106 1757 1181 1840 erat
1203 1771 1328 1842 vocari

319 1890 499 1966 inlocum
524 1895 654 1968 mortui
669 1909 707 1965 ¹7.
732 1893 828 1968 Nihil
853 1919 910 1966 me
935 1893 1070 1994 turpius
1085 1893 1115 1944 ¹⁸
1141 1892 1239 1994 apud
1264 1893 1327 1968 ho-

320 2018 432 2092 mines
457 2017 594 2092 luisset:
620 2045 734 2120 neque
759 2042 862 2118 vero,
887 2017 934 2092 ad
956 2018 1061 2092 istam
1085 2018 1200 2119 ipsam
1225 2027 1327 2105 ἀσφά-

239 2193 242 2198 -
320 2147 401 2212 λειαν
427 2144 615 2246 quicquam
641 2143 794 2218 alienius.
813 2144 903 2217 Sunt
919 2144 1014 2216 enim
1028 2142 1079 2215 illi
1095 2142 1192 2244 apud
1207 2142 1326 2219 bonos

319 2267 484 2343 invidiosi
499 2286 540 2342 ¹9:
563 2297 633 2370 ego
658 2269 755 2374 apud
771 2269 952 2371 improbos
968 2295 1085 2342 meam
1101 2271 1323 2344 retinuissem

291 2390 505 2500 fluvidam,
538 2395 686 2474 alienam
715 2397 986 2497 assumpsissem.
1019 2397 1229 2470 Caesarine
1255 2397 1325 2470 sibi

320 2521 397 2596 vult
421 2549 495 2596 esse
520 2523 682 2624 legatum.
707 2523 906 2598 ¹Honestior
931 2522 1018 2596 haec
1045 2521 1234 2597 declinatio
1259 2552 1323 2625 pe-

319 2646 428 2720 riculi.
448 2645 537 2722 “Sed
569 2676 633 2750 ego
655 2649 736 2754 'hoc
760 2647 911 2752 repudio
927 2665 969 2720 ²⁰.
1001 2647 1099 2741 Quid
1131 2675 1213 2748 ergo
1247 2649 1323 2723 estl

319 2773 479 2872 Pugnare
504 2775 614 2852 malo:
650 2775 740 2850 nihil
776 2789 894 2850 tamen
931 2775 1027 2848 certi.
1058 2774 1192 2848 Iterum
1217 2775 1321 2874 dico,

285 2889 286 2894 ἵ
318 2899 453 2972 utinam
478 2901 633 2979 adesses!
659 2901 730 2976 Sed
753 2917 893 3002 muron,
925 2901 954 2976 si
980 2902 1046 2974 erit
1070 2925 1234 3000 necesse,
1266 2928 1321 2974 ar-

263 3057 281 3084 ·
320 3047 502 3099 cessemus.
540 3027 637 3120 Quid
670 3028 787 3102 aliudi
821 3026 927 3130 quidi
960 3026 1029 3100 hoc
1055 3026 1190 3128 opinor.
1225 3027 1321 3102 Certi

320 3175 439 3222 sumus
464 3153 594 3252 perisse
620 3156 748 3229 omnia.
774 3145 872 3247 Quid
896 3154 988 3228 enim
1015 3159 1206 3252 ἀναιιζόμεθα
1231 3167 1320 3226 tam-

320 3271 406 3344 diul
438 3271 509 3348 Sed
539 3277 627 3352 haec
659 3280 782 3384 scripsi
807 3303 1000 3382 properans
1011 3275 1029 3376 ‚'
1058 3291 1095 3351 et
1118 3277 1320 3354 mehercule

319 3397 450 3473 timide.
475 3402 630 3478 Posthac
655 3406 701 3479 ad
727 3421 763 3479 te
774 3463 786 3506 7
818 3418 903 3505 aut,
931 3405 962 3479 si
987 3395 1190 3506 perfidelem
1215 3405 1319 3480 habe·

319 3522 388 3624 bo,
412 3527 469 3601 cui
494 3527 597 3632 dem,
622 3521 772 3608 scribam
796 3531 902 3634 plane
927 3531 1063 3632 omnia,
1093 3546 1175 3632 aut,
1201 3535 1232 3605 si
1256 3532 1318 3608 oh-

319 3665 418 3725 scure
444 3655 610 3758 scribam,
635 3674 675 3734 tu
700 3674 818 3735 tamen
843 3658 1023 3758 intelliges.
1041 3661 1084 3732 ln
1100 3660 1142 3734 iis
1160 3659 1320 3762 epistolis

318 3796 375 3866 me
399 3780 557 3858 Laelium
569 3764 590 3884 ‚⁵
605 3799 649 3859 te
665 3785 810 3863 Furium
836 3785 979 3860 faciam:
1012 3771 1129 3861 celera
1144 3821 1147 3828 ·
1161 3800 1265 3864 emnt
1289 3789 1321 3854 ἐκ

318 3930 473 4002 αινιγμοις,

889 4051 977 4186 N.
