2924 5002
305 387 374 485 294
677 395 847 448 nrrsroua
872 400 902 448 n
1081 395 1110 445 a.
1125 400 1157 448 v.
1176 399 1205 444 c.
1222 395 1271 460 ⁶94

304 525 364 583 set.
390 506 447 582 Ad
471 503 564 578 illam
588 505 720 574 κέλευσεν
752 501 843 575 adde
868 499 972 573 etiam
1006 499 1034 572 si
1064 499 1151 600 quid
1183 515 1296 599 potes.

304 635 356 708 Ac
368 659 413 705 ne
430 633 476 704 sis
493 628 733 731 perturbatus,
749 629 833 700 novi
846 627 939 700 enim
956 639 1007 725 te,
1024 639 1059 698 et
1076 649 1147 698 non
1160 627 1302 725 ignoro,

306 785 411 860 quam
436 757 481 829 sit
507 781 604 828 amor
629 755 742 828 omnis
769 752 936 827 sollicitus
961 766 1066 852 atque
1083 752 1222 850 anxius,
1239 752 1303 824 sed

241 921 243 930 v
305 911 360 958 res
385 896 438 956 est
453 898 476 983 ¹,
492 896 532 955 ut
556 905 676 981 spero,
695 905 773 980 ¹non
799 893 871 952 tam
889 878 980 952 exitu
1007 876 1170 975 molesta,
1194 903 1303 978 quam

306 1010 436 1084 auditu.

358 1164 379 1208 2
405 1135 546 1208 Vettius
571 1130 647 1231 ille,
678 1130 735 1203 ille
767 1145 887 1204 noster
912 1127 1017 1201 index
1034 1145 1059 1230 ²,
1083 1129 1241 1229 Caesari,
1266 1143 1308 1204 ut

306 1261 553 1362 perspicimus,
578 1257 753 1359 pollicitus
779 1271 849 1356 est,
873 1282 948 1330 sese
969 1270 1186 1352 curaturum,
1211 1258 1309 1330 utin

308 1387 460 1488 aliquam
485 1385 717 1485 suspicionem
743 1383 905 1457 facinoris
930 1384 1037 1487 Curio
1061 1382 1179 1456 filius³
1197 1382 1310 1456 addu-

309 1526 459 1586 ceretur:
479 1513 602 1611 Itaque
628 1511 820 1583 insinuatus
849 1509 887 1581 in
918 1508 1187 1582 familiaritatem
1219 1509 1308 1582 ado-

244 1665 246 1672 ·
308 1637 487 1737 lescentis,
511 1651 547 1710 et
573 1661 653 1710 cum
679 1662 739 1735 eo,
764 1649 804 1708 ut
828 1661 882 1708 res
908 1635 1056 1734 indicat,
1083 1661 1190 1734 saepe
1222 1661 1310 1708 con-

310 1791 462 1862 gressus,
486 1791 559 1837 rem
584 1764 621 1834 in
656 1788 736 1835 eum
769 1761 887 1834 locum
914 1760 1073 1860 deduxit,
1097 1775 1139 1836 ut
1163 1761 1314 1861 diceret,

310 1888 378 1963 sibi
403 1903 535 1962 certum
565 1915 639 1961 esse
672 1915 752 1960 cum
787 1889 857 1960 suis
890 1887 997 1961 servis
1030 1888 1066 1958 in
1097 1887 1313 1987 Pompeium

309 2015 480 2114 impetum
505 2013 636 2112 facere,
661 2040 810 2116 eumque
836 2013 1004 2086 occidere.
1029 2013 1107 2085 Hoc
1134 2013 1242 2086 Curio
1263 2013 1313 2086 ad

310 2153 447 2239 patrem
473 2139 614 2238 detulit,
639 2139 697 2212 ille
723 2140 768 2212 ad
793 2140 1010 2239 Pompeium.
1036 2139 1103 2212 Res
1130 2137 1245 2212 delata
1263 2139 1313 2217 ad

310 2280 474 2338 senatum
499 2279 562 2338 est.
586 2266 813 2340 introductus
837 2266 978 2339 Vettius
1003 2266 1119 2364 primo
1143 2244 1316 2366 negabat,

283 2431 287 2435 ·
311 2417 348 2462 se
365 2417 531 2491 umquam
554 2415 634 2464 cum
652 2391 803 2466 Curione
823 2389 1025 2489 restitisset,
1042 2416 1155 2490 neque
1171 2390 1210 2462 id
1226 2417 1314 2466 sane
1368 2443 1377 2472 ,

311 2515 381 2589 diu.
406 2516 498 2589 Nam
522 2517 642 2590 ‘statim
667 2516 773 2589 fidem
804 2514 982 2617 publicam
1013 2514 1213 2615 postulavit.
1247 2517 1313 2588 Re-

311 2641 497 2716 clamatum
523 2656 577 2716 est
594 2643 618 2714 ⁵.
644 2644 738 2715 Tum
763 2642 942 2742 exposuit,
966 2665 1109 2714 manum
1134 2641 1241 2744 fuisse
1256 2642 1313 2712 iu-

310 2768 481 2867 ventutis,
513 2767 602 2840 duce
630 2769 801 2868 Curione,
831 2768 868 2838 in
900 2793 968 2869 qua
999 2765 1142 2839 Paullus
1174 2768 1312 2840 initio⁶

310 2893 449 2993 suisset,
482 2907 518 2966 et
546 2896 588 2986 Q.
615 2895 779 2994 Caepiot
805 2893 862 2966 hic
888 2895 1034 2993 Brutus,
1059 2905 1094 2964 et
1123 2892 1314 2994 Lentulus,

310 3017 458 3095 flaminis
477 3019 586 3119 filius,
611 3021 753 3093 conscio
771 3032 887 3120 patre,
903 3033 1026 3120 postea
1043 3020 1080 3092 C.
1099 3019 1312 3120 Septimium

310 3145 460 3217 scribam
484 3145 614 3242 Bibuli,
639 3147 827 3245 pugionem
855 3146 922 3218 sihi
947 3173 967 3218 a
992 3144 1119 3220 Bibulo
1137 3145 1313 3220 attulisse:

311 3269 408 3370 quod
433 3284 545 3344 totum
571 3273 709 3345 irrisum
735 3287 803 3346 est:
829 3273 952 3345 Vettio
970 3253 1159 3372 pugionem
1185 3271 1312 3345 deliris-

311 3420 348 3469 se
365 3395 392 3495 ⁸,
416 3396 481 3468 nisi
506 3398 539 3470 ei
567 3398 690 3471 consul
716 3396 886 3497 dedisset,
911 3423 1022 3500 eoque
1047 3399 1158 3496 magis
1182 3398 1222 3472 id
1239 3399 1311 3470 eie-

274 3507 280 3513 ·
312 3535 407 3593 oum
432 3537 501 3624 est,
526 3499 622 3626 quoa
647 3551 676 3598 a.
703 3525 735 3598 a.
760 3525 813 3600 nr
837 3524 889 3597 ra.
915 3525 998 3596 uu..
1028 3522 1172 3598 nisurus
1198 3526 1309 3597 rom·
1382 3619 1385 3629 y

310 3646 431 3747 peium
456 3648 584 3724 fecerat
615 3653 814 3751 certiorem,
838 3664 879 3724 ut
911 3664 1050 3725 caveret
1082 3650 1248 3724 insidias:
1273 3652 1312 3723 in

310 3799 382 3874 quo
408 3775 440 3847 ei
455 3775 644 3876 Pompeius
662 3779 786 3876 gratias
804 3791 928 3877 egerat.
953 3776 1179 3852 Introductus
1202 3779 1311 3852 Curio

311 3897 417 4000 filius,
443 3901 530 3976 dixit
559 3902 604 3976 ad
636 3929 693 4003 ea,
725 3930 814 4007 quae
838 3905 980 3978 Vettius
1014 3903 1164 3978 dixerat:
1197 3905 1310 3978 maxi-
