2882 5002
336 370 403 444 130
683 388 855 440 mussona
879 392 976 442 xxiv.
1109 382 1141 436 Α.
1158 387 1193 438 v.
1209 389 1238 436 c.
1255 387 1306 450 69³

330 493 522 568 seminium
540 508 570 559 ι9
593 491 750 566 iunctam
784 492 916 565 invidia
954 517 995 564 ac
1031 487 1225 564 multorum
1261 492 1331 566 ini-

327 615 489 719 micitiis,
520 619 684 692 eximiam
720 618 897 720 quandam
909 673 919 715 ,
951 632 1055 719 atque
1094 617 1332 691 immortalem

328 745 475 845 glotiam
499 729 707 820 consecutus
732 771 827 844 sum,
852 769 925 818 non
943 743 1061 816 destiti
1080 743 1204 818 eadem
1222 743 1332 818 animi

326 869 567 969 magnitudine
590 871 629 944 in
654 896 692 944 re
716 863 858 970 publica
884 869 1031 969 versari,
1056 883 1093 976 et
1115 869 1211 943 illam
1228 871 1332 943 insti-

326 1009 440 1072 tutam
466 1024 507 1071 ao
533 1010 731 1098 susceptam
758 995 963 1095 dignitatem
988 997 1088 1069 tueri.
1111 995 1182 1068 Sed
1202 1008 1330 1097 postea

327 1147 433 1224 quam
457 1122 611 1223 primum
635 1121 751 1196 Clodii
776 1120 995 1218 absolutione
1019 1121 1201 1198 levitatem
1230 1123 1331 1196 infir-

325 1248 553 1349 unitatemque
576 1247 786 1327 iudiciorum
810 1248 987 1348 perspexi5
1013 1246 1140 1326 deinde
1166 1246 1242 1322 vidi
1263 1273 1332 1322 no-

325 1383 416 1450 uros
441 1371 648 1472 publicanos
672 1372 772 1446 facile
789 1400 810 1446 a
827 1387 950 1454 senatu
976 1372 1126 1472 disiungi
1138 1389 1181 1474 Μ,
1206 1399 1332 1474 quam·

326 1523 433 1597 quom
457 1523 479 1572 e
502 1523 560 1570 me
584 1498 663 1598 ipso
694 1523 768 1572 non
801 1497 1063 1598 divellerentur3
1096 1512 1173 1571 tum
1206 1511 1328 1572 autem

324 1619 447 1698 beatos
467 1621 628 1698 homines
645 1623 725 1712 (hos
743 1625 948 1725 piscinarios
965 1623 1061 1725 dico,
1077 1623 1209 1697 amicos
1228 1634 1329 1714 tuos)

324 1772 399 1822 non
423 1701 692 1823 obscurffiiobis
709 1750 881 1824 invidere:
900 1735 1048 1850 putavi,
1071 1749 1159 1822 mihi
1176 1751 1329 1824 maiores

325 1873 494 1974 quasdam
511 1901 597 1975 opes
611 1889 647 1952 et
663 1877 815 1952 nmiora
832 1876 1005 1977 praesidia
1024 1902 1099 1950 esse
1116 1875 1330 1978 quaerenda.

322 1999 446 2101 Itaque
463 2002 616 2100 pn'mum
633 2027 731 2101 enm,
755 2003 816 2102 qui
832 2002 981 2074 nimium
999 2001 1058 2074 diu
1076 2001 1120 2076 de
1138 2001 1242 2074 rebus
1260 2027 1328 2075 no·

323 2125 404 2200 stris
429 2138 602 2226 tacuerat,
625 2113 855 2227 Pompeium,
877 2126 1008 2200 adduxi
1032 2127 1071 2202 in
1095 2153 1174 2200 eam
1197 2126 1328 2202 volun-

322 2261 448 2348 tatem,
473 2264 513 2330 ut
537 2253 575 2328 iu
600 2267 723 2326 senatu
747 2277 822 2330 non
847 2251 970 2352 semel,
996 2252 1059 2326 sed
1084 2279 1205 2353 saepe,
1233 2252 1328 2327 mul·

321 2373 435 2476 tisque
460 2374 720 2478 verbis‚11uius
752 2377 839 2453 mihi
867 2377 1016 2454 salutem
1046 2378 1185 2479 impen‘i
1218 2391 1325 2480 atque

320 2499 417 2576 orbis
443 2513 611 2576 terrorum
637 2501 852 2580 adiudicarit.
881 2493 989 2595 Quod
1013 2529 1087 2578 non
1113 2518 1187 2579 tam
1213 2504 1326 2578 inter-

322 2623 387 2702 fuit
412 2651 505 2735 mea,
531 2636 662 2731 (neque
688 2629 781 2703 enim
806 2627 884 2703 illae
909 2656 964 2703 res
991 2643 1051 2704 aut
1073 2631 1125 2726 itu
1151 2643 1235 2705 sunt
1262 2629 1325 2704 ob·

319 2773 456 2851 scurae,
479 2765 520 2831 ut
544 2725 800 2855 testimoninm,
824 2769 885 2827 aut
909 2754 1120 2856 indubiae,
1144 2770 1185 2828 ut
1201 2755 1323 2831 lauda·

318 2873 452 2952 tionem
469 2876 681 2971 desiderent)
708 2907 814 2984 quam
830 2881 881 2954 rei
905 2880 1080 2981 publicae:
1099 2881 1196 2984 quod
1220 2895 1324 2956 erant

319 2998 462 3097 quidam
486 3002 663 3104 improbi„
684 3006 744 3106 qui
775 3006 1038 3082 contentionem
1068 3007 1142 3080 fore
1167 3005 1321 3108 aliquam

317 3122 403 3196 mihi
429 3151 509 3204 cum
533 3129 706 3230 Pompeio
731 3157 774 3210 ex
798 3157 916 3208 rerum
940 3129 1077 3206 illarum
1102 3133 1321 3208 dissensione

319 3247 577 3334 arbitrarentur.
603 3259 694 3336 Cum
719 3257 789 3336 hoo
814 3283 880 3356 ego
896 3283 953 3330 me
970 3271 1069 3332 tanta
1086 3257 1320 3334 familian'tate

317 3373 499 3478 coniunxi,
524 3395 565 3459 ut
588 3395 734 3488 uterque
758 3397 920 3461 nostrum
945 3384 982 3460 in
1007 3411 1068 3457 sna
1089 3385 1224 3463 ratione
1240 3409 1318 3458 mn·

317 3497 439 3602 nitier,
465 3518 501 3579 et
524 3507 562 3580 in
585 3535 623 3588 re
647 3509 789 3610 publica
815 3509 947 3589 firmior
972 3509 1039 3588 hau
1066 3511 1313 3586 coniunctione

317 3647 392 3698 esse
417 3632 529 3732 possit
545 3649 585 3712 ²¹.
612 3635 703 3709 Odia
728 3650 846 3714 autem
859 3635 919 3708 illa
936 3635 1143 3713 libidinosae
1170 3651 1207 3710 et
1232 3637 1314 3713 deli·

316 3762 415 3824 eatae
439 3756 655 3848 iuventutis,
679 3787 769 3864 quae
794 3774 894 3837 erent
918 3762 956 3833 in
980 3788 1037 3836 me
1064 3763 1210 3834 incitata
1222 3818 1233 3862 ‚
1267 3763 1313 3834 sic

313 3874 468 3976 mitigata
495 3901 577 3964 sunt
607 3889 772 3966 comitate
801 3885 954 3993 quadam
979 3913 1086 3990 mea,
1117 3914 1174 3964 me
1208 3913 1314 3964 uuum
