2882 5002
314 389 380 483 ¹4⁰
660 404 831 456 nrrsronn
856 407 935 456 xxv.
1089 403 1167 456 nv.
1184 407 1214 452 c.
1231 406 1280 468 ssa

307 539 365 586 me
395 511 486 584 hanc
505 511 613 584 'viam
646 509 868 610 optimatium
887 524 927 606 ¹⁰,
956 518 1041 607 post
1071 505 1195 608 Catuli
1213 527 1311 582 mor-

308 652 381 710 tem
399 653 438 737 ¹¹,
463 659 528 708 nec
552 633 728 735 praesidio
761 611 850 733 ullo,
874 653 942 706 neo
974 632 1143 706 comitatu
1175 629 1312 708 tenere.

307 764 415 862 Nam⁷
439 776 481 836 ut
505 762 554 835 ait
577 761 751 858 Rhinton,
776 775 817 834 ut
840 760 984 860 opinor,

420 951 461 1046 Οἱ
488 947 542 1038 μὲν
566 949 630 1040 παρ’
656 943 744 1030 οὐδέν
769 944 929 1042 εἷσιννοῖς
955 942 983 1024 δ’
997 943 1085 1012 οὐδὲν
1106 933 1200 1050 prist.

306 1139 395 1212 Mihi
426 1163 511 1211 vero
541 1150 582 1209 ut
612 1135 794 1210 invideant
813 1149 854 1244 ¹²·
868 1135 1050 1237 'piscinarii
1087 1135 1216 1234 nostri,
1249 1150 1312 1208 aut

306 1263 457 1338 scribam
482 1260 527 1336 ad
552 1277 587 1335 te
613 1261 717 1361 alias,
743 1275 804 1333 aut
832 1261 869 1334 in
895 1285 1119 1361 congressum
1147 1273 1312 1334 nostrum

305 1387 501 1463 reservabo.
526 1388 671 1484 Acuria
684 1389 713 1436 ¹³
733 1400 850 1461 autem
874 1386 970 1460 nulla
995 1411 1051 1488 me
1075 1412 1130 1460 res
1147 1377 1310 1488 dipellet'5
1427 1425 1428 1430 κ

305 1515 363 1590 vel
393 1512 489 1616 quod
519 1515 569 1586 ita
600 1527 736 1596 rectum
766 1527 836 1611 est3
860 1511 919 1588 vel
951 1513 1048 1615 quod
1074 1511 1184 1586 rebus
1209 1513 1307 1586 meis

305 1641 454 1714 maxime
471 1654 744 1749 consentaneum
749 1668 760 1739 3
785 1639 842 1713 v‘el
859 1639 973 1742 quod,
998 1666 1019 1713 a
1037 1652 1161 1713 senatu
1178 1641 1305 1740 quanti

304 1750 403 1866 fiam,
428 1766 570 1840 minime
594 1792 651 1838 me
675 1766 843 1866 poenitet.
913 1757 916 1764 ’
1169 1759 1172 1766 ⁴

356 1889 378 1963 5
403 1893 456 1964 De
486 1892 674 1991 Sicyoniis,
704 1906 745 1965 ut
777 1890 823 1965 ad
854 1905 891 1964 te
919 1891 1042 1992 scripsi
1074 1904 1198 1990 antea,
1229 1866 1305 1964 non

304 2015 454 2089 multum
478 2017 554 2118 spei
579 2018 693 2090 estin
718 2031 850 2090 senatu.
875 2016 988 2090 Nemo
1014 2028 1068 2090 est
1092 2018 1187 2090 enim
1216 2017 1308 2117 iam,

305 2144 365 2244 qui
390 2157 554 2248 queratur
572 2141 613 2218 ¹4.
643 2143 778 2242 Quare,
802 2143 833 2216 si
864 2140 903 2228 id
930 2157 1128 2250 exspertes,
1158 2140 1305 2242 longum

305 2281 366 2340 est.
399 2267 477 2340 Alia
508 2269 584 2356 via,
616 2269 645 2342 si
678 2295 747 2370 qua
783 2243 910 2369 potes„
933 2295 1060 2369 pugna.
1093 2269 1215 2361 Quum
1252 2281 1305 2342 est

307 2406 570 2494 aetum,.neque
590 2392 870 2469 animadversum
890 2409 960 2494 est,
984 2393 1032 2467 ad
1048 2420 1135 2495 quos
1152 2395 1303 2494 pertine

304 2533 374 2619 ret,
400 2534 436 2592 et
459 2522 588 2620 raptim
612 2523 650 2594 in
668 2548 745 2593 eam
762 2523 971 2594 sententiam
988 2501 1123 2621 pedarii
1140 2513 1302 2594 cucurre-

302 2660 385 2721 runt
403 2649 442 2719 ¹⁵.
467 2648 664 2721 Inducendi
688 2661 828 2721 senatus
847 2648 996 2721 consulti
1012 2631 1193 2719 inaturitas
1210 2671 1301 2719 non-

304 2770 389 2847 dum
414 2787 486 2846 est:
520 2773 618 2875 quod
650 2800 763 2875 neque
795 2787 898 2873 sunt,
931 2773 991 2874 qui
1023 2773 1232 2874 querantur,
1266 2786 1301 2844 et

301 2896 404 2968 multi
429 2898 557 2998 partim
582 2897 818 2974 malivolentia
837 2897 878 2998 ¹⁶,
902 2896 1032 3002 partim
1057 2897 1225 2999 opinione
1243 2922 1299 2970 ae-

306 3022 447 3121 quitatis
474 3022 698 3097 delectantur.

274 3137 277 3144 ’
350 3147 375 3219 6
401 3147 561 3220 Metellus
586 3163 666 3221 tuus
692 3159 745 3223 est
770 3151 924 3248 egregius
950 3138 1080 3222 consul.
1106 3147 1299 3232 Unumre·

301 3270 500 3371 prehendo,
526 3273 621 3373 quod
647 3275 757 3346 otium
782 3301 801 3347 e
828 3275 939 3347 Gallia
964 3273 1117 3348 nuntiari
1134 3297 1208 3345 non
1226 3272 1302 3344 ma-.v

304 3415 457 3495 gnopere
483 3398 618 3496 gaudet.
653 3399 777 3499 Cupit,
810 3399 933 3500 credo,
962 3397 1188 3497 triumphare.
1222 3397 1298 3470 Hoc

300 3521 426 3596 vellem
450 3503 659 3599 mediocrius
666 3553 676 3624 3
702 3539 816 3599 cetera
833 3525 976 3624 egregia.
1002 3524 1083 3600 Auli
1099 3524 1191 3596 filius
1213 3545 1294 3598 vero

298 3647 348 3720 ita
373 3675 410 3754 se
428 3653 530 3750 gerit,
554 3666 596 3723 ut
611 3651 902 3727 eius'consulatus
919 3677 993 3736 non
1015 3649 1217 3726 consulatus
1234 3650 1293 3745 sit,

300 3772 363 3845 sed
387 3751 507 3873 Magni
531 3779 643 3851 nostri
661 3773 799 3848 ὑπώπιον
812 3779 856 3850 ⁴¹7.

240 3989 244 3999 ¹
348 3925 372 4002 p
398 3901 450 4004 De
475 3903 560 3976 meis
586 3905 745 4004 scriptis,
769 3903 923 4028 misiad1
951 3918 986 3976 te
1019 3905 1152 3977 Graece
1184 3899 1296 4002 perfe-
