2882 5002
327 368 394 464 154
676 384 844 436 arrarum
870 387 965 436 xxvi.
1087 383 1294 450 a.v.e.e9a

320 495 417 594 plus,
443 516 548 593 quam
572 514 645 588 ego.
674 488 747 560 Sed
779 501 898 560 tamen
928 486 1008 586 ille,
1037 488 1174 587 optimo
1206 491 1321 564 animo

321 634 438 718 utens,
456 630 491 689 et
508 641 643 688 summa
662 613 732 688 lide
746 671 756 714 ,
770 628 877 688 nocet
892 612 1069 700 interdum
1084 616 1135 688 rei
1146 614 1321 714 publicae:

324 743 408 816 dicit
440 743 533 815 enim
571 755 753 841 tamquam
786 741 823 813 in
854 739 1012 814 Platonis
1036 744 1169 831 πολιτείᾳ
1186 739 1228 842 34,
1252 767 1323 816 non

321 883 500 970 tamquam
519 867 557 939 in
580 865 722 940 Romuli
753 863 869 965 faece,
902 867 1119 938 sententiam.
1144 867 1241 957 Quid
1264 857 1324 942 ue·

320 996 411 1093 rius,
430 1019 542 1094 quam
571 992 610 1064 in
636 991 804 1064 iudicium
829 991 965 1090 venire,
991 991 1051 1097 qui
1075 990 1214 1065 obrem
1233 992 1324 1088 iudi-

323 1119 474 1194 candam
490 1118 679 1218 pecuniam
697 1116 892 1217 acceperitl
908 1117 1054 1194 Censuit
1066 1115 1136 1191 hoe
1153 1119 1256 1218 Cato,
1273 1145 1324 1192 as·

321 1244 430 1317 sensit
453 1257 606 1316 senatus.
630 1243 777 1344 Equites
795 1243 912 1318 curiae
928 1240 1061 1326 bellum
1072 1243 1116 1343 ³⁵,
1131 1267 1205 1316 non
1220 1243 1323 1345 mihi5

321 1394 405 1442 nam
438 1393 504 1466 ego
540 1366 696 1440 dissensi.
730 1366 827 1460 Quid
855 1365 1093 1467 impudentius
1123 1367 1321 1468 publicanis

318 1493 617 1568 renuntiantibusl
636 1473 669 1544 ³⁶
696 1493 780 1566 Fuit
812 1505 949 1592 tamen,
981 1493 1155 1567 retinendi
1187 1494 1320 1568 ordinis

319 1644 444 1720 causa,
468 1618 625 1694 iacienda
651 1619 792 1692 iactura.
820 1619 959 1692 Restitit
983 1633 1020 1692 et
1048 1619 1198 1720 pervicit
1220 1622 1322 1694 Cato.

318 1745 440 1848 Itaque
465 1771 578 1845 nunc,
603 1743 746 1817 consule
770 1745 808 1816 in
834 1770 970 1828 carcere
993 1743 1129 1819 incluso
1147 1746 1190 1846 ³7,
1214 1773 1321 1849 saepe

318 1871 404 1944 item
429 1871 601 1944 seditione
628 1884 822 1969 commota,
847 1870 1013 1970 aspiravit
1042 1896 1146 1944 nemo
1180 1897 1321 1974 eorum,

318 2023 467 2098 quorum
491 2022 556 2096 ego
580 2021 769 2094 concursu,
786 1997 939 2097 itemque
958 1996 1133 2097 eonsules,
1159 1998 1219 2098 qui
1236 2011 1323 2096 post

315 2147 373 2194 me
405 2122 566 2221 fuerunt,
603 2147 677 2194 rem
716 2120 896 2221 publicam
929 2119 1116 2195 defendere
1146 2121 1322 2196 solebant.

317 2244 434 2337 Quidl
466 2247 590 2345 «Ergo
615 2246 722 2346 istos,
746 2246 905 2348 inquies,
928 2246 1091 2322 mercede
1124 2246 1322 2322 conductos

315 2369 524 2466 habebimus
538 2403 556 2437 n
570 2371 583 2446 l
597 2367 629 2424 ³⁸
657 2372 755 2466 Quid
771 2373 955 2472 faciemus,
981 2373 1011 2446 si
1035 2373 1134 2446 aliter
1148 2399 1223 2446 non
1240 2399 1324 2473 pos-

315 2497 462 2572 sumusl
495 2524 542 2571 an
572 2491 743 2571 libertinis
775 2512 881 2601 atque
904 2499 1018 2602 'etiam
1049 2498 1156 2574 servis
1190 2499 1322 2574 servie-

314 2622 458 2696 musto
486 2622 573 2724 sed,
597 2637 638 2697 ut
665 2637 704 2697 tu
731 2625 799 2724 ais7
824 2625 1060 2704 otlae'rroudtc.
1125 2655 1127 2658 ·

365 2776 385 2850 7
413 2749 592 2828 Fauonius
628 2774 744 2823 meam
785 2733 916 2826 t1ibum'
951 2748 1032 2824 tulit
1051 2747 1083 2816 4ο
1116 2749 1322 2849 honestius,

210 2903 212 2907 ·
314 2900 421 2974 qaam
446 2901 559 2973 suam3
587 2875 729 2949 Lucceii
754 2874 917 2975 perdidit.
940 2875 1128 2950 Accusavit
1151 2875 1320 2948 Nasicam

245 3018 247 3024 ·
315 2999 519 3100 inhoneste,
552 3027 592 3074 ac
624 3000 807 3087 [modeste
840 3013 981 3091 tamen]
1015 3001 1103 3074 dixit
1120 2999 1152 3068 4ι
1178 3001 1246 3102 ita,
1278 3015 1322 3074 ut

311 3126 428 3199 Rhodi
453 3125 632 3201 uideretur
649 3128 754 3202 molis
776 3129 911 3230 potius,
937 3155 1041 3230 quam
1058 3105 1211 3228 Moloni,
1230 3153 1318 3228 ope·
1435 3159 1438 3164 ¹

311 3278 387 3326 ram
420 3245 566 3352 dedisse.
600 3255 709 3362 Mihi,
741 3255 838 3357 quod
871 3254 1102 3328 defendissem
1118 3253 1162 3353 4²7
1188 3253 1316 3326 leviter

312 3381 509 3452 succensuit
516 3408 527 3479 3
552 3400 645 3454 nunc
672 3396 792 3453 tamen
815 3383 906 3480 petit
931 3382 1058 3454 iterum
1083 3381 1133 3452 rei
1148 3378 1314 3480 publicae

312 3527 424 3578 causa.
449 3508 618 3581 Lucceius
636 3507 720 3610 quid
746 3520 825 3608 agat
836 3505 882 3608 43,
898 3506 1048 3581 scribam
1066 3506 1111 3580 ad
1129 3520 1182 3607 te,
1200 3531 1313 3608 quum

311 3631 497 3707 Caesarem
521 3633 658 3734 videro,
684 3634 743 3736 qui
769 3633 882 3712 aderit
905 3633 1024 3708 biduo.

363 3760 386 3831 8
412 3757 520 3851 Quod
548 3760 703 3860 Sicyonii
734 3775 769 3834 te
802 3760 964 3858 laedunt3
995 3761 1140 3859 Catoni,
1173 3759 1312 3832 eteius

313 3885 515 3960 aemulatori
554 3889 723 4008 attribuas
756 3888 899 3962 Servilio
916 3885 958 3958 44.
985 3886 1102 3980 Quidl
1128 3911 1168 3960 ea
1201 3883 1309 3984 plaga
