2834 5012
310 427 358 476 xx
596 391 599 402 ’
692 421 938 468 rrrnonvcrro

311 525 439 606 sulato
469 550 543 603 suo
572 523 750 633 scripsit,
779 524 811 604 si
839 520 890 604 ad
920 549 992 603 nos
1021 547 1148 630 usque
1176 547 1313 632 perve-

311 677 472 756 nissent.
495 673 636 778 Quum
657 672 766 752 enim
787 668 948 782 publice
969 669 1130 750 locutus
1151 666 1311 767 fuisset,

311 849 394 904 non
436 822 567 902 omnia
610 821 666 900 ita
706 817 815 900 nuda
857 846 904 900 ac
938 820 1090 898 sincera
1118 814 1310 918 firissent,

311 984 430 1078 atque
458 983 554 1048 sunt
581 969 625 1048 in
651 967 835 1078 epistolis.
860 965 968 1052 Nam
990 967 1120 1076 aliqua
1142 963 1311 1048 dedisset

310 1144 470 1217 causae,
500 1117 630 1226 aliqua
654 1115 913 1228 temporibus.
935 1114 986 1197 Id
1015 1117 1151 1226 ipsum
1178 1112 1312 1198 factu-

310 1294 374 1346 ros
403 1262 524 1346 fuisse
563 1267 752 1377 suspicari
789 1263 980 1348 dehemus
1017 1279 1057 1344 et
1085 1263 1311 1348 Lucceium

310 1429 350 1495 et
377 1413 660 1516 Posidonium,
697 1444 800 1526 quos
838 1417 979 1498 Cicero
1015 1412 1067 1493 ad
1104 1412 1312 1495 historiam

310 1593 454 1687 rerum¹
465 1594 629 1648 suarum
648 1569 691 1646 in
710 1567 922 1649 consulatu
939 1563 1190 1650 scribendam
1209 1569 1313 1650 exci-

310 1717 541 1827 taverat(1).
555 1717 690 1827 Atque
704 1715 784 1797 hoe
802 1717 891 1798 loco
913 1715 1168 1827 epistolarum
1191 1718 1310 1798 etiam

309 1865 531 1944 aulicorum
552 1863 602 1945 ad
624 1851 858 1946 Ciceronem
882 1862 1123 1945 desiderium
1148 1891 1221 1944 nos
1244 1894 1310 1946 ur·

309 2026 397 2121 get,
422 2014 466 2094 in
486 2016 625 2125 primis
647 2013 790 2115 Attici,
812 2016 889 2097 viri
910 2041 1053 2126 magna
1074 2010 1310 2124 prudentia,

246 2231 253 2238 ,
308 2173 349 2239 et
383 2187 522 2244 rerum
550 2192 629 2243 usu
656 2163 848 2275 praediti,
889 2178 928 2244 et
955 2161 1104 2246 iudicio
1133 2164 1309 2272 exquisi-

187 2391 190 2398 r
310 2307 471 2391 tissimo.
492 2311 622 2392 Cuius
644 2340 696 2392 ne
717 2341 841 2394 unam
861 2309 1026 2422 quidem
1049 2309 1099 2390 ad
1120 2338 1194 2393 nos
1224 2334 1309 2423 per·

308 2457 461 2537 venisse
493 2459 558 2540 ille
592 2476 713 2541 reete·
734 2460 970 2562 mirabitur,
1004 2462 1077 2571 qui
1094 2461 1308 2560 caesaris,
1413 2473 1414 2480 '

306 2606 515 2719 Pompeii,
551 2609 745 2712 Antonii,
784 2611 962 2710 Galbae,
991 2611 1157 2711 Planci,
1183 2611 1308 2721 Lepi-

308 2751 369 2853 di,
397 2755 614 2858 Pollionis,
642 2759 859 2860 Trebonii,
889 2760 1036 2858 Caelii,
1065 2760 1309 2857 Brutorum,

307 2902 431 2980 immo
459 2918 499 2984 et
527 2906 697 2988 aliorum
737 2910 902 2991 minoris
943 2921 1060 2992 notae
1093 2903 1308 2991 hominum

309 3073 393 3132 nou
422 3078 545 3154 unas,
575 3053 642 3136 sed
671 3059 805 3168 plures
840 3056 1176 3144 interdurninter
1205 3057 1310 3136 Tul-

306 3193 426 3280 lianas
455 3202 636 3310 epistolas
664 3210 829 3319 reperiri
859 3210 967 3298 sciat,

363 3345 519 3430 Tullius
559 3355 778 3439 iactationis
822 3360 984 3438 nomine
1031 3365 1245 3435 accusatur
1287 3376 1311 3432 a*

305 3491 558 3612 Montaignio
586 3502 656 3618 (a),
684 3504 796 3620 quod
831 3509 977 3590 iccirco
1007 3501 1189 3616 epistolas
1218 3530 1309 3592 suas

346 3737 387 3815 (ι)
409 3739 488 3823 Epp.
509 3747 631 3821 xxvi,
657 3773 689 3825 1,
710 3765 740 3812 et
762 3755 869 3815 cvm.

347 3837 386 3916 (2)
409 3838 508 3909 Essais
529 3846 566 3908 de
587 3848 665 3912 Mor.
687 3853 731 3924 ll,
753 3853 800 3934 39.
