<?xml version="1.0" encoding="UTF-8"?>
<!DOCTYPE html PUBLIC "-//W3C//DTD XHTML 1.0 Transitional//EN"
    "http://www.w3.org/TR/xhtml1/DTD/xhtml1-transitional.dtd">
<html xmlns="http://www.w3.org/1999/xhtml" xml:lang="en" lang="en">
 <head>
  <title>
</title>
<meta http-equiv="Content-Type" content="text/html;charset=utf-8" />
  <meta name='ocr-system' content='tesseract 3.04.00' />
  <meta name='ocr-capabilities' content='ocr_page ocr_carea ocr_par ocr_line ocrx_word'/>
</head>
<body>
  <div class='ocr_page' id='page_1' title='image "./mtulliiciceroni76cicegoog/mtulliiciceroni76cicegoog_0057.png"; bbox 0 0 2834 5012; ppageno 0'>
   <div class='ocr_carea' id='block_1_1' title="bbox 701 397 1290 450">
    <p class='ocr_par' dir='ltr' id='par_1_1' title="bbox 701 397 1290 450">
     <span class='ocr_line' id='line_1_1' title="bbox 701 397 1290 450; baseline 0.003 -4"><span class='ocrx_word' id='word_1_1' title='bbox 701 399 869 450; x_wconf 72' lang='lat' dir='ltr'><strong>nrtsrotn</strong></span> <span class='ocrx_word' id='word_1_2' title='bbox 882 402 942 450; x_wconf 89' lang='lat' dir='ltr'>·1v.</span> <span class='ocrx_word' id='word_1_3' title='bbox 1099 399 1128 448; x_wconf 83' lang='grc' dir='ltr'><strong>Α.</strong></span> <span class='ocrx_word' id='word_1_4' title='bbox 1146 404 1180 450; x_wconf 84' lang='lat' dir='ltr'><strong>V.</strong></span> <span class='ocrx_word' id='word_1_5' title='bbox 1198 401 1226 450; x_wconf 84' lang='lat' dir='ltr'><strong>C.</strong></span> <span class='ocrx_word' id='word_1_6' title='bbox 1242 397 1290 449; x_wconf 78' lang='lat'><strong>685</strong></span> 
     </span>
    </p>
   </div>
   <div class='ocr_carea' id='block_1_2' title="bbox 462 573 1181 738">
    <p class='ocr_par' dir='ltr' id='par_1_2' title="bbox 462 573 1181 738">
     <span class='ocr_line' id='line_1_2' title="bbox 565 573 1075 628; baseline -0.008 0"><span class='ocrx_word' id='word_1_7' title='bbox 565 575 619 628; x_wconf 88' lang='lat' dir='ltr'><strong>Scr.</strong></span> <span class='ocrx_word' id='word_1_8' title='bbox 637 573 731 625; x_wconf 79' lang='lat' dir='ltr'><strong>Romae</strong></span> <span class='ocrx_word' id='word_1_9' title='bbox 747 573 778 624; x_wconf 84' lang='grc' dir='ltr'><strong>Δ.</strong></span> <span class='ocrx_word' id='word_1_10' title='bbox 792 573 825 626; x_wconf 88' lang='lat' dir='ltr'><strong>V.</strong></span> <span class='ocrx_word' id='word_1_11' title='bbox 845 573 874 626; x_wconf 87' lang='lat' dir='ltr'><strong>C.</strong></span> <span class='ocrx_word' id='word_1_12' title='bbox 891 573 1075 625; x_wconf 81' lang='lat' dir='ltr'><strong>nctxxxvl.</strong></span> 
     </span>
     <span class='ocr_line' id='line_1_3' title="bbox 462 667 1181 738; baseline -0.007 -16"><span class='ocrx_word' id='word_1_13' title='bbox 462 671 499 725; x_wconf 84' lang='grc' dir='ltr'><strong>Μ.</strong></span> <span class='ocrx_word' id='word_1_14' title='bbox 516 668 652 738; x_wconf 87' lang='lat' dir='ltr'><strong>Calpurnio</strong></span> <span class='ocrx_word' id='word_1_15' title='bbox 669 667 776 733; x_wconf 78' lang='lat' dir='ltr'><strong>Pisone,</strong></span> <span class='ocrx_word' id='word_1_16' title='bbox 799 667 837 718; x_wconf 86' lang='grc' dir='ltr'><strong>Μ.</strong></span> <span class='ocrx_word' id='word_1_17' title='bbox 858 667 940 719; x_wconf 74' lang='lat' dir='ltr'><strong>Acilio</strong></span> <span class='ocrx_word' id='word_1_18' title='bbox 957 667 1096 721; x_wconf 80' lang='lat' dir='ltr'><strong>Glabrione</strong></span> <span class='ocrx_word' id='word_1_19' title='bbox 1114 669 1181 722; x_wconf 88' lang='lat' dir='ltr'><strong>Coss.</strong></span> 
     </span>
    </p>
   </div>
   <div class='ocr_carea' id='block_1_3' title="bbox 636 836 1009 903">
    <p class='ocr_par' dir='ltr' id='par_1_3' title="bbox 636 836 1009 903">
     <span class='ocr_line' id='line_1_4' title="bbox 636 836 1009 903; baseline -0.003 -2"><span class='ocrx_word' id='word_1_20' title='bbox 636 837 779 902; x_wconf 86' lang='lat' dir='ltr'>CICERO</span> <span class='ocrx_word' id='word_1_21' title='bbox 804 836 954 903; x_wconf 82' lang='lat' dir='ltr'><strong>ATTICO</strong></span> <span class='ocrx_word' id='word_1_22' title='bbox 978 838 1009 902; x_wconf 88' lang='lat' dir='ltr'><strong>S.</strong></span> 
     </span>
    </p>
   </div>
   <div class='ocr_carea' id='block_1_4' title="bbox 327 1001 1318 1354">
    <p class='ocr_par' dir='ltr' id='par_1_4' title="bbox 327 1001 1318 1354">
     <span class='ocr_line' id='line_1_5' title="bbox 383 1001 1318 1109; baseline -0.001 -28"><span class='ocrx_word' id='word_1_23' title='bbox 383 1037 394 1081; x_wconf 94' lang='lat'>1</span> <span class='ocrx_word' id='word_1_24' title='bbox 424 1005 530 1109; x_wconf 77' lang='lat' dir='ltr'><strong>Apud</strong></span> <span class='ocrx_word' id='word_1_25' title='bbox 554 1020 589 1078; x_wconf 92' lang='lat' dir='ltr'><strong>te</strong></span> <span class='ocrx_word' id='word_1_26' title='bbox 614 1016 683 1102; x_wconf 89' lang='lat' dir='ltr'><strong>est,</strong></span> <span class='ocrx_word' id='word_1_27' title='bbox 707 1015 748 1074; x_wconf 93' lang='lat' dir='ltr'><strong>ut</strong></span> <span class='ocrx_word' id='word_1_28' title='bbox 771 1001 940 1078; x_wconf 82' lang='lat' dir='ltr'><strong>volumus.</strong></span> <span class='ocrx_word' id='word_1_29' title='bbox 967 1003 1078 1077; x_wconf 84' lang='lat' dir='ltr'><strong>Mater</strong></span> <span class='ocrx_word' id='word_1_30' title='bbox 1110 1016 1171 1078; x_wconf 88' lang='lat' dir='ltr'><strong>tua</strong></span> <span class='ocrx_word' id='word_1_31' title='bbox 1203 1019 1241 1078; x_wconf 90' lang='lat' dir='ltr'><strong>et</strong></span> <span class='ocrx_word' id='word_1_32' title='bbox 1264 1031 1318 1080; x_wconf 88' lang='lat' dir='ltr'><strong>so-</strong></span> 
     </span>
     <span class='ocr_line' id='line_1_6' title="bbox 327 1127 1051 1229; baseline -0.012 -19"><span class='ocrx_word' id='word_1_33' title='bbox 327 1161 386 1209; x_wconf 90' lang='lat' dir='ltr'><strong>ror</strong></span> <span class='ocrx_word' id='word_1_34' title='bbox 410 1161 430 1208; x_wconf 88' lang='lat' dir='ltr'><strong>a</strong></span> <span class='ocrx_word' id='word_1_35' title='bbox 453 1158 511 1205; x_wconf 89' lang='lat' dir='ltr'><strong>me</strong></span> <span class='ocrx_word' id='word_1_36' title='bbox 535 1131 736 1229; x_wconf 87' lang='lat' dir='ltr'><strong>Quintoque</strong></span> <span class='ocrx_word' id='word_1_37' title='bbox 760 1128 864 1200; x_wconf 86' lang='lat' dir='ltr'><strong>fratre</strong></span> <span class='ocrx_word' id='word_1_38' title='bbox 891 1127 1051 1228; x_wconf 88' lang='lat' dir='ltr'><strong>diligitur.</strong></span> 
     </span>
     <span class='ocr_line' id='line_1_7' title="bbox 379 1252 1317 1354; baseline -0.004 -21"><span class='ocrx_word' id='word_1_39' title='bbox 379 1260 515 1333; x_wconf 80' lang='lat' dir='ltr'><strong>aCum</strong></span> <span class='ocrx_word' id='word_1_40' title='bbox 539 1253 689 1330; x_wconf 81' lang='lat' dir='ltr'><strong>Acutilio</strong></span> <span class='ocrx_word' id='word_1_41' title='bbox 725 1279 802 1326; x_wconf 91' lang='lat' dir='ltr'><strong>sum</strong></span> <span class='ocrx_word' id='word_1_42' title='bbox 826 1252 973 1328; x_wconf 87' lang='lat' dir='ltr'><strong>locutus.</strong></span> <span class='ocrx_word' id='word_1_43' title='bbox 1008 1255 1043 1326; x_wconf 92' lang='lat' dir='ltr'><strong>Is</strong></span> <span class='ocrx_word' id='word_1_44' title='bbox 1076 1253 1142 1327; x_wconf 87' lang='lat' dir='ltr'><strong>sibi</strong></span> <span class='ocrx_word' id='word_1_45' title='bbox 1165 1271 1317 1354; x_wconf 87' lang='lat' dir='ltr'><strong>negata</strong></span> 
     </span>
    </p>
   </div>
   <div class='ocr_carea' id='block_1_5' title="bbox 329 1379 1411 1674">
    <p class='ocr_par' dir='ltr' id='par_1_5' title="bbox 329 1363 1411 1674">
     <span class='ocr_line' id='line_1_8' title="bbox 329 1379 1317 1483; baseline -0.003 -27"><span class='ocrx_word' id='word_1_46' title='bbox 329 1409 392 1457; x_wconf 89' lang='lat' dir='ltr'><strong>suo</strong></span> <span class='ocrx_word' id='word_1_47' title='bbox 418 1394 642 1483; x_wconf 83' lang='lat' dir='ltr'><strong>procuratore</strong></span> <span class='ocrx_word' id='word_1_48' title='bbox 667 1379 858 1481; x_wconf 81' lang='lat' dir='ltr'><strong>quidquam</strong></span> <span class='ocrx_word' id='word_1_49' title='bbox 883 1379 1053 1480; x_wconf 89' lang='lat' dir='ltr'><strong>scriptum</strong></span> <span class='ocrx_word' id='word_1_50' title='bbox 1076 1406 1165 1479; x_wconf 86' lang='lat' dir='ltr'><strong>esse,</strong></span> <span class='ocrx_word' id='word_1_51' title='bbox 1190 1393 1226 1453; x_wconf 91' lang='lat' dir='ltr'><strong>et</strong></span> <span class='ocrx_word' id='word_1_52' title='bbox 1250 1383 1317 1455; x_wconf 91' lang='lat' dir='ltr'><strong>mi·</strong></span> 
     </span>
     <span class='ocr_line' id='line_1_9' title="bbox 1410 1537 1411 1582; baseline 0 0"><span class='ocrx_word' id='word_1_53' title='bbox 1410 1537 1411 1582; x_wconf 74' lang='lat' dir='ltr'><strong>i</strong></span> 
     </span>
     <span class='ocr_line' id='line_1_10' title="bbox 1410 1591 1411 1632; baseline 0 0"><span class='ocrx_word' id='word_1_54' title='bbox 1410 1591 1411 1632; x_wconf 81' lang='lat' dir='ltr'><strong>l</strong></span> 
     </span>
     <span class='ocr_line' id='line_1_11' title="bbox 1410 1637 1411 1674; baseline 0 0"><span class='ocrx_word' id='word_1_55' title='bbox 1410 1637 1411 1674; x_wconf 85' lang='lat' dir='ltr'><strong>i</strong></span> 
     </span>
    </p>
   </div>
   <div class='ocr_carea' id='block_1_6' title="bbox 328 1503 1318 1731">
    <p class='ocr_par' dir='ltr' id='par_1_6' title="bbox 328 1503 1318 1731">
     <span class='ocr_line' id='line_1_12' title="bbox 328 1503 1318 1605; baseline -0.003 -24"><span class='ocrx_word' id='word_1_56' title='bbox 328 1522 425 1581; x_wconf 90' lang='lat' dir='ltr'><strong>ratur</strong></span> <span class='ocrx_word' id='word_1_57' title='bbox 448 1508 551 1580; x_wconf 89' lang='lat' dir='ltr'><strong>istam</strong></span> <span class='ocrx_word' id='word_1_58' title='bbox 575 1505 847 1579; x_wconf 87' lang='lat' dir='ltr'><strong>controversiam</strong></span> <span class='ocrx_word' id='word_1_59' title='bbox 872 1503 994 1602; x_wconf 84' lang='lat' dir='ltr'><strong>fuisse,</strong></span> <span class='ocrx_word' id='word_1_60' title='bbox 1019 1504 1115 1605; x_wconf 93' lang='lat' dir='ltr'><strong>quod</strong></span> <span class='ocrx_word' id='word_1_61' title='bbox 1139 1505 1196 1578; x_wconf 89' lang='lat' dir='ltr'><strong>iile</strong></span> <span class='ocrx_word' id='word_1_62' title='bbox 1222 1532 1318 1580; x_wconf 92' lang='lat' dir='ltr'><strong>recu-</strong></span> 
     </span>
     <span class='ocr_line' id='line_1_13' title="bbox 328 1615 1173 1731; baseline -0.005 -25"><span class='ocrx_word' id='word_1_63' title='bbox 328 1635 412 1707; x_wconf 86' lang='lat' dir='ltr'><strong>sarit</strong></span> <span class='ocrx_word' id='word_1_64' title='bbox 436 1615 601 1706; x_wconf 83' lang='lat' dir='ltr'><strong>satisdare</strong></span> <span class='ocrx_word' id='word_1_65' title='bbox 621 1645 644 1729; x_wconf 87' lang='lat'><strong>¹,</strong></span> <span class='ocrx_word' id='word_1_66' title='bbox 669 1628 815 1729; x_wconf 90' lang='lat' dir='ltr'><strong>amplius</strong></span> <span class='ocrx_word' id='word_1_67' title='bbox 847 1628 909 1702; x_wconf 91' lang='lat' dir='ltr'><strong>abs</strong></span> <span class='ocrx_word' id='word_1_68' title='bbox 934 1641 968 1701; x_wconf 90' lang='lat' dir='ltr'><strong>te</strong></span> <span class='ocrx_word' id='word_1_69' title='bbox 993 1655 1066 1703; x_wconf 91' lang='lat' dir='ltr'><strong>nou</strong></span> <span class='ocrx_word' id='word_1_70' title='bbox 1089 1631 1173 1731; x_wconf 85' lang='lat' dir='ltr'><strong>peti.</strong></span> 
     </span>
    </p>
   </div>
   <div class='ocr_carea' id='block_1_7' title="bbox 327 1755 1411 1983">
    <p class='ocr_par' dir='ltr' id='par_1_7' title="bbox 327 1755 1411 1984">
     <span class='ocr_line' id='line_1_14' title="bbox 378 1755 1411 1853; baseline -0.004 -21"><span class='ocrx_word' id='word_1_71' title='bbox 378 1760 400 1832; x_wconf 86' lang='lat'>3</span> <span class='ocrx_word' id='word_1_72' title='bbox 426 1757 533 1851; x_wconf 89' lang='lat' dir='ltr'><strong>Quod</strong></span> <span class='ocrx_word' id='word_1_73' title='bbox 556 1769 592 1829; x_wconf 89' lang='lat' dir='ltr'><strong>te</strong></span> <span class='ocrx_word' id='word_1_74' title='bbox 617 1755 661 1827; x_wconf 92' lang='lat' dir='ltr'><strong>de</strong></span> <span class='ocrx_word' id='word_1_75' title='bbox 686 1755 843 1829; x_wconf 90' lang='lat' dir='ltr'><strong>Tadiano</strong></span> <span class='ocrx_word' id='word_1_76' title='bbox 867 1757 1009 1853; x_wconf 84' lang='lat' dir='ltr'><strong>negotio</strong></span> <span class='ocrx_word' id='word_1_77' title='bbox 1037 1755 1207 1830; x_wconf 85' lang='lat' dir='ltr'><strong>decidisse</strong></span> <span class='ocrx_word' id='word_1_78' title='bbox 1233 1758 1319 1830; x_wconf 89' lang='lat' dir='ltr'><strong>scri-</strong></span> <span class='ocrx_word' id='word_1_79' title='bbox 1410 1761 1411 1786; x_wconf 76' lang='lat'><em>³</em></span> 
     </span>
     <span class='ocr_line' id='line_1_15' title="bbox 327 1879 1321 1983; baseline -0.001 -27"><span class='ocrx_word' id='word_1_80' title='bbox 327 1883 403 1982; x_wconf 89' lang='lat' dir='ltr'><strong>bis,</strong></span> <span class='ocrx_word' id='word_1_81' title='bbox 427 1884 466 1978; x_wconf 91' lang='lat' dir='ltr'><strong>id</strong></span> <span class='ocrx_word' id='word_1_82' title='bbox 490 1909 555 1980; x_wconf 89' lang='lat' dir='ltr'><strong>ego</strong></span> <span class='ocrx_word' id='word_1_83' title='bbox 579 1879 693 1955; x_wconf 84' lang='lat' dir='ltr'><strong>Tadio</strong></span> <span class='ocrx_word' id='word_1_84' title='bbox 731 1894 767 1953; x_wconf 88' lang='lat' dir='ltr'><strong>et</strong></span> <span class='ocrx_word' id='word_1_85' title='bbox 798 1895 934 1980; x_wconf 86' lang='lat' dir='ltr'><strong>gratum</strong></span> <span class='ocrx_word' id='word_1_86' title='bbox 972 1908 1045 1956; x_wconf 90' lang='lat' dir='ltr'><strong>esse</strong></span> <span class='ocrx_word' id='word_1_87' title='bbox 1077 1881 1251 1983; x_wconf 78' lang='lat' dir='ltr'><strong>intellexi,</strong></span> <span class='ocrx_word' id='word_1_88' title='bbox 1284 1897 1321 1956; x_wconf 90' lang='lat' dir='ltr'><strong>et</strong></span> 
     </span>
    </p>
   </div>
   <div class='ocr_carea' id='block_1_8' title="bbox 327 2003 765 2108">
    <p class='ocr_par' dir='ltr' id='par_1_8' title="bbox 327 2003 765 2108">
     <span class='ocr_line' id='line_1_16' title="bbox 327 2003 765 2108; baseline -0.002 -28"><span class='ocrx_word' id='word_1_89' title='bbox 327 2033 539 2108; x_wconf 84' lang='lat' dir='ltr'><strong>magnopere</strong></span> <span class='ocrx_word' id='word_1_90' title='bbox 564 2003 765 2079; x_wconf 90' lang='lat' dir='ltr'><strong>iucundum.</strong></span> 
     </span>
    </p>
   </div>
   <div class='ocr_carea' id='block_1_9' title="bbox 329 2131 1411 2486">
    <p class='ocr_par' dir='ltr' id='par_1_9' title="bbox 329 2129 1411 2486">
     <span class='ocr_line' id='line_1_17' title="bbox 377 2131 1411 2234; baseline 0.001 -29"><span class='ocrx_word' id='word_1_91' title='bbox 377 2137 401 2229; x_wconf 67' lang='grc'>4</span> <span class='ocrx_word' id='word_1_92' title='bbox 425 2132 488 2206; x_wconf 91' lang='lat' dir='ltr'><strong>Ille</strong></span> <span class='ocrx_word' id='word_1_93' title='bbox 512 2145 631 2205; x_wconf 90' lang='lat' dir='ltr'><strong>noster</strong></span> <span class='ocrx_word' id='word_1_94' title='bbox 656 2132 785 2204; x_wconf 88' lang='lat' dir='ltr'><strong>amicus</strong></span> <span class='ocrx_word' id='word_1_95' title='bbox 802 2148 828 2230; x_wconf 85' lang='lat'><strong>²,</strong></span> <span class='ocrx_word' id='word_1_96' title='bbox 853 2133 906 2206; x_wconf 87' lang='lat' dir='ltr'><strong>vir</strong></span> <span class='ocrx_word' id='word_1_97' title='bbox 922 2131 1117 2206; x_wconf 86' lang='lat' dir='ltr'><strong>mehercule</strong></span> <span class='ocrx_word' id='word_1_98' title='bbox 1143 2134 1321 2234; x_wconf 90' lang='lat' dir='ltr'><strong>optimus,</strong></span> <span class='ocrx_word' id='word_1_99' title='bbox 1410 2201 1411 2224; x_wconf 66' lang='lat'><strong>,</strong></span> 
     </span>
     <span class='ocr_line' id='line_1_18' title="bbox 329 2257 1322 2358; baseline 0.001 -26"><span class='ocrx_word' id='word_1_100' title='bbox 329 2258 474 2333; x_wconf 85' lang='lat' dir='ltr'><strong>etmihi</strong></span> <span class='ocrx_word' id='word_1_101' title='bbox 498 2257 741 2356; x_wconf 87' lang='lat' dir='ltr'><strong>amicissimus,</strong></span> <span class='ocrx_word' id='word_1_102' title='bbox 778 2283 860 2332; x_wconf 86' lang='lat' dir='ltr'><strong>saue</strong></span> <span class='ocrx_word' id='word_1_103' title='bbox 897 2259 961 2330; x_wconf 91' lang='lat' dir='ltr'><strong>tibi</strong></span> <span class='ocrx_word' id='word_1_104' title='bbox 996 2259 1102 2331; x_wconf 91' lang='lat' dir='ltr'><strong>iratus</strong></span> <span class='ocrx_word' id='word_1_105' title='bbox 1132 2271 1193 2331; x_wconf 87' lang='lat' dir='ltr'><strong>est.</strong></span> <span class='ocrx_word' id='word_1_106' title='bbox 1218 2261 1322 2358; x_wconf 89' lang='lat' dir='ltr'><strong>Hoc,</strong></span> 
     </span>
     <span class='ocr_line' id='line_1_19' title="bbox 329 2383 1411 2486; baseline 0.002 -30"><span class='ocrx_word' id='word_1_107' title='bbox 329 2386 380 2483; x_wconf 91' lang='lat' dir='ltr'><strong>si,</strong></span> <span class='ocrx_word' id='word_1_108' title='bbox 418 2384 539 2485; x_wconf 92' lang='lat' dir='ltr'><strong>quanti</strong></span> <span class='ocrx_word' id='word_1_109' title='bbox 574 2397 613 2454; x_wconf 92' lang='lat' dir='ltr'><strong>tu</strong></span> <span class='ocrx_word' id='word_1_110' title='bbox 647 2384 821 2482; x_wconf 80' lang='lat' dir='ltr'><strong>aestimes,</strong></span> <span class='ocrx_word' id='word_1_111' title='bbox 854 2384 976 2484; x_wconf 85' lang='lat' dir='ltr'><strong>sciam,</strong></span> <span class='ocrx_word' id='word_1_112' title='bbox 1009 2398 1100 2483; x_wconf 89' lang='lat' dir='ltr'><strong>tum,</strong></span> <span class='ocrx_word' id='word_1_113' title='bbox 1125 2383 1210 2486; x_wconf 93' lang='lat' dir='ltr'><strong>quid</strong></span> <span class='ocrx_word' id='word_1_114' title='bbox 1232 2385 1322 2458; x_wconf 91' lang='lat' dir='ltr'><strong>mihi</strong></span> <span class='ocrx_word' id='word_1_115' title='bbox 1410 2411 1411 2458; x_wconf 67' lang='grc' dir='ltr'><strong>ς</strong></span> 
     </span>
    </p>
   </div>
   <div class='ocr_carea' id='block_1_10' title="bbox 327 2509 1340 2986">
    <p class='ocr_par' dir='ltr' id='par_1_10' title="bbox 329 2509 941 2610">
     <span class='ocr_line' id='line_1_20' title="bbox 329 2509 941 2610; baseline -0.003 -28"><span class='ocrx_word' id='word_1_116' title='bbox 329 2509 578 2586; x_wconf 88' lang='lat' dir='ltr'><strong>elaborandum</strong></span> <span class='ocrx_word' id='word_1_117' title='bbox 603 2509 664 2608; x_wconf 90' lang='lat' dir='ltr'><strong>sit,</strong></span> <span class='ocrx_word' id='word_1_118' title='bbox 689 2511 776 2584; x_wconf 90' lang='lat' dir='ltr'><strong>scire</strong></span> <span class='ocrx_word' id='word_1_119' title='bbox 801 2510 941 2610; x_wconf 91' lang='lat' dir='ltr'><strong>possim.</strong></span> 
     </span>
    </p>

    <p class='ocr_par' dir='ltr' id='par_1_11' title="bbox 327 2633 1322 2860">
     <span class='ocr_line' id='line_1_21' title="bbox 378 2633 1322 2734; baseline 0 -26"><span class='ocrx_word' id='word_1_120' title='bbox 378 2633 465 2708; x_wconf 74' lang='lat' dir='ltr'><strong>5‘L.</strong></span> <span class='ocrx_word' id='word_1_121' title='bbox 492 2635 614 2709; x_wconf 89' lang='lat' dir='ltr'><strong>Cincio</strong></span> <span class='ocrx_word' id='word_1_122' title='bbox 646 2635 721 2706; x_wconf 90' lang='lat' dir='ltr'><strong>H-S</strong></span> <span class='ocrx_word' id='word_1_123' title='bbox 753 2659 848 2708; x_wconf 86' lang='lat' dir='ltr'><strong>ccroo</strong></span> <span class='ocrx_word' id='word_1_124' title='bbox 881 2660 974 2708; x_wconf 80' lang='lat' dir='ltr'><strong>cosso</strong></span> <span class='ocrx_word' id='word_1_125' title='bbox 1007 2659 1086 2706; x_wconf 88' lang='lat' dir='ltr'><strong>cccc</strong></span> <span class='ocrx_word' id='word_1_126' title='bbox 1114 2659 1180 2734; x_wconf 91' lang='lat' dir='ltr'><strong>pro</strong></span> <span class='ocrx_word' id='word_1_127' title='bbox 1213 2635 1322 2732; x_wconf 86' lang='lat' dir='ltr'><strong>signis</strong></span> 
     </span>
     <span class='ocr_line' id='line_1_22' title="bbox 327 2759 1189 2860; baseline 0 -28"><span class='ocrx_word' id='word_1_128' title='bbox 327 2759 529 2858; x_wconf 81' lang='lat' dir='ltr'><strong>Megaricis,</strong></span> <span class='ocrx_word' id='word_1_129' title='bbox 553 2775 595 2833; x_wconf 90' lang='lat' dir='ltr'><strong>ut</strong></span> <span class='ocrx_word' id='word_1_130' title='bbox 619 2775 658 2833; x_wconf 90' lang='lat' dir='ltr'><strong>tu</strong></span> <span class='ocrx_word' id='word_1_131' title='bbox 684 2760 810 2832; x_wconf 92' lang='lat' dir='ltr'><strong>adme</strong></span> <span class='ocrx_word' id='word_1_132' title='bbox 835 2761 1037 2860; x_wconf 76' lang='lat' dir='ltr'><strong>scripseras,</strong></span> <span class='ocrx_word' id='word_1_133' title='bbox 1062 2761 1189 2833; x_wconf 88' lang='lat' dir='ltr'><strong>curavi.</strong></span> 
     </span>
    </p>

    <p class='ocr_par' dir='ltr' id='par_1_12' title="bbox 378 2885 1340 2986">
     <span class='ocr_line' id='line_1_23' title="bbox 378 2885 1340 2986; baseline 0 -28"><span class='ocrx_word' id='word_1_134' title='bbox 378 2886 403 2958; x_wconf 89' lang='lat'>6</span> <span class='ocrx_word' id='word_1_135' title='bbox 427 2885 577 2958; x_wconf 88' lang='lat' dir='ltr'><strong>Hermae</strong></span> <span class='ocrx_word' id='word_1_136' title='bbox 602 2885 654 2956; x_wconf 89' lang='lat' dir='ltr'><strong>tui</strong></span> <span class='ocrx_word' id='word_1_137' title='bbox 677 2885 846 2958; x_wconf 86' lang='lat' dir='ltr'><strong>Pentelici</strong></span> <span class='ocrx_word' id='word_1_138' title='bbox 879 2910 959 2960; x_wconf 91' lang='lat' dir='ltr'><strong>cum</strong></span> <span class='ocrx_word' id='word_1_139' title='bbox 988 2885 1158 2986; x_wconf 86' lang='lat' dir='ltr'><strong>capitibus</strong></span> <span class='ocrx_word' id='word_1_140' title='bbox 1184 2888 1340 2985; x_wconf 63' lang='lat' dir='ltr'><strong>aenon„</strong></span> 
     </span>
    </p>
   </div>
   <div class='ocr_carea' id='block_1_11' title="bbox 330 3007 1411 3110">
    <p class='ocr_par' dir='ltr' id='par_1_13' title="bbox 330 3007 1411 3110">
     <span class='ocr_line' id='line_1_24' title="bbox 330 3007 1411 3110; baseline 0.008 -32"><span class='ocrx_word' id='word_1_141' title='bbox 330 3007 525 3108; x_wconf 87' lang='lat' dir='ltr'><strong>dequibus</strong></span> <span class='ocrx_word' id='word_1_142' title='bbox 558 3008 605 3081; x_wconf 95' lang='lat' dir='ltr'><strong>ad</strong></span> <span class='ocrx_word' id='word_1_143' title='bbox 634 3034 690 3080; x_wconf 93' lang='lat' dir='ltr'><strong>me</strong></span> <span class='ocrx_word' id='word_1_144' title='bbox 726 3011 909 3110; x_wconf 89' lang='lat' dir='ltr'><strong>scripsisti,</strong></span> <span class='ocrx_word' id='word_1_145' title='bbox 944 3013 1015 3084; x_wconf 89' lang='lat' dir='ltr'><strong>iam</strong></span> <span class='ocrx_word' id='word_1_146' title='bbox 1050 3036 1144 3084; x_wconf 91' lang='lat' dir='ltr'><strong>nuuc</strong></span> <span class='ocrx_word' id='word_1_147' title='bbox 1175 3037 1232 3084; x_wconf 88' lang='lat' dir='ltr'><strong>me</strong></span> <span class='ocrx_word' id='word_1_148' title='bbox 1258 3014 1322 3086; x_wconf 89' lang='lat' dir='ltr'><strong>ad·</strong></span> <span class='ocrx_word' id='word_1_149' title='bbox 1410 3031 1411 3038; x_wconf 77' lang='grc'>’</span> 
     </span>
    </p>
   </div>
   <div class='ocr_carea' id='block_1_12' title="bbox 222 3131 1384 3235">
    <p class='ocr_par' dir='ltr' id='par_1_14' title="bbox 222 3131 1384 3235">
     <span class='ocr_line' id='line_1_25' title="bbox 222 3131 1384 3235; baseline 0.002 -32"><span class='ocrx_word' id='word_1_150' title='bbox 222 3215 226 3220; x_wconf 88' lang='lat'>.</span> <span class='ocrx_word' id='word_1_151' title='bbox 327 3131 474 3204; x_wconf 92' lang='lat' dir='ltr'><strong>modum</strong></span> <span class='ocrx_word' id='word_1_152' title='bbox 499 3132 673 3206; x_wconf 89' lang='lat' dir='ltr'><strong>delectant</strong></span> <span class='ocrx_word' id='word_1_153' title='bbox 691 3135 714 3205; x_wconf 77' lang='lat'><strong>³.</strong></span> <span class='ocrx_word' id='word_1_154' title='bbox 749 3136 865 3226; x_wconf 84' lang='lat' dir='ltr'><strong>Quare</strong></span> <span class='ocrx_word' id='word_1_155' title='bbox 898 3135 1022 3234; x_wconf 87' lang='lat' dir='ltr'><strong>velim,</strong></span> <span class='ocrx_word' id='word_1_156' title='bbox 1050 3150 1085 3208; x_wconf 92' lang='lat' dir='ltr'><strong>et</strong></span> <span class='ocrx_word' id='word_1_157' title='bbox 1109 3162 1168 3210; x_wconf 91' lang='lat' dir='ltr'><strong>eos</strong></span> <span class='ocrx_word' id='word_1_158' title='bbox 1179 3193 1190 3235; x_wconf 87' lang='lat'><strong>,</strong></span> <span class='ocrx_word' id='word_1_159' title='bbox 1216 3150 1252 3209; x_wconf 91' lang='lat' dir='ltr'><strong>et</strong></span> <span class='ocrx_word' id='word_1_160' title='bbox 1278 3141 1322 3211; x_wconf 91' lang='lat' dir='ltr'><strong>si·</strong></span> <span class='ocrx_word' id='word_1_161' title='bbox 1379 3197 1384 3205; x_wconf 95' lang='lat'>.</span> 
     </span>
    </p>
   </div>
   <div class='ocr_carea' id='block_1_13' title="bbox 323 3258 1323 3993">
    <p class='ocr_par' dir='ltr' id='par_1_15' title="bbox 323 3258 1323 3996">
     <span class='ocr_line' id='line_1_26' title="bbox 329 3258 1323 3361; baseline 0.009 -33"><span class='ocrx_word' id='word_1_162' title='bbox 329 3281 413 3356; x_wconf 89' lang='lat' dir='ltr'><strong>gua,</strong></span> <span class='ocrx_word' id='word_1_163' title='bbox 438 3271 474 3329; x_wconf 91' lang='lat' dir='ltr'><strong>et</strong></span> <span class='ocrx_word' id='word_1_164' title='bbox 499 3272 612 3331; x_wconf 90' lang='lat' dir='ltr'><strong>cetera</strong></span> <span class='ocrx_word' id='word_1_165' title='bbox 628 3258 655 3358; x_wconf 74' lang='lat' dir='ltr'><strong>i,</strong></span> <span class='ocrx_word' id='word_1_166' title='bbox 681 3286 768 3361; x_wconf 87' lang='lat' dir='ltr'><strong>quae</strong></span> <span class='ocrx_word' id='word_1_167' title='bbox 793 3259 858 3333; x_wconf 86' lang='lat' dir='ltr'><strong>tibi</strong></span> <span class='ocrx_word' id='word_1_168' title='bbox 892 3262 964 3334; x_wconf 91' lang='lat' dir='ltr'><strong>eius</strong></span> <span class='ocrx_word' id='word_1_169' title='bbox 997 3261 1068 3334; x_wconf 91' lang='lat' dir='ltr'><strong>loci</strong></span> <span class='ocrx_word' id='word_1_170' title='bbox 1084 3263 1110 3360; x_wconf 82' lang='lat'><strong>⁵,</strong></span> <span class='ocrx_word' id='word_1_171' title='bbox 1143 3275 1179 3334; x_wconf 91' lang='lat' dir='ltr'><strong>et</strong></span> <span class='ocrx_word' id='word_1_172' title='bbox 1210 3265 1323 3337; x_wconf 89' lang='lat' dir='ltr'><strong>nostri</strong></span> 
     </span>
     <span class='ocr_line' id='line_1_27' title="bbox 328 3377 1322 3489; baseline 0.008 -37"><span class='ocrx_word' id='word_1_173' title='bbox 328 3377 456 3481; x_wconf 84' lang='lat' dir='ltr'><strong>studii,</strong></span> <span class='ocrx_word' id='word_1_174' title='bbox 480 3396 516 3454; x_wconf 90' lang='lat' dir='ltr'><strong>et</strong></span> <span class='ocrx_word' id='word_1_175' title='bbox 540 3397 619 3456; x_wconf 89' lang='lat' dir='ltr'><strong>tuae</strong></span> <span class='ocrx_word' id='word_1_176' title='bbox 645 3383 833 3483; x_wconf 84' lang='lat' dir='ltr'><strong>elegantiae</strong></span> <span class='ocrx_word' id='word_1_177' title='bbox 858 3413 933 3459; x_wconf 88' lang='lat' dir='ltr'><strong>esse</strong></span> <span class='ocrx_word' id='word_1_178' title='bbox 958 3386 1187 3485; x_wconf 85' lang='lat' dir='ltr'><strong>videbuntur,</strong></span> <span class='ocrx_word' id='word_1_179' title='bbox 1214 3415 1322 3489; x_wconf 90' lang='lat' dir='ltr'><strong>quam</strong></span> 
     </span>
     <span class='ocr_line' id='line_1_28' title="bbox 327 3504 1321 3615; baseline 0.01 -38"><span class='ocrx_word' id='word_1_180' title='bbox 327 3504 489 3607; x_wconf 85' lang='lat' dir='ltr'><strong>plurima,</strong></span> <span class='ocrx_word' id='word_1_181' title='bbox 506 3533 611 3610; x_wconf 93' lang='lat' dir='ltr'><strong>quam</strong></span> <span class='ocrx_word' id='word_1_182' title='bbox 626 3511 845 3614; x_wconf 83' lang='lat' dir='ltr'><strong>primumque</strong></span> <span class='ocrx_word' id='word_1_183' title='bbox 862 3512 995 3610; x_wconf 91' lang='lat' dir='ltr'><strong>mittas,</strong></span> <span class='ocrx_word' id='word_1_184' title='bbox 1012 3527 1047 3585; x_wconf 90' lang='lat' dir='ltr'><strong>et</strong></span> <span class='ocrx_word' id='word_1_185' title='bbox 1063 3514 1212 3587; x_wconf 82' lang='lat' dir='ltr'><strong>maxime</strong></span> <span class='ocrx_word' id='word_1_186' title='bbox 1231 3539 1321 3615; x_wconf 89' lang='lat' dir='ltr'><strong>quae</strong></span> 
     </span>
     <span class='ocr_line' id='line_1_29' title="bbox 327 3632 1319 3739; baseline 0.011 -34"><span class='ocrx_word' id='word_1_187' title='bbox 327 3632 395 3706; x_wconf 85' lang='lat' dir='ltr'><strong>tibi</strong></span> <span class='ocrx_word' id='word_1_188' title='bbox 426 3637 595 3733; x_wconf 85' lang='lat' dir='ltr'><strong>gymnasii</strong></span> <span class='ocrx_word' id='word_1_189' title='bbox 625 3639 784 3739; x_wconf 87' lang='lat' dir='ltr'><strong>xystique</strong></span> <span class='ocrx_word' id='word_1_190' title='bbox 817 3638 1027 3713; x_wconf 85' lang='lat' dir='ltr'><strong>videbuntur</strong></span> <span class='ocrx_word' id='word_1_191' title='bbox 1051 3665 1134 3713; x_wconf 89' lang='lat' dir='ltr'><strong>esse.</strong></span> <span class='ocrx_word' id='word_1_192' title='bbox 1165 3639 1258 3713; x_wconf 90' lang='lat' dir='ltr'><strong>Nam</strong></span> <span class='ocrx_word' id='word_1_193' title='bbox 1283 3643 1319 3716; x_wconf 91' lang='lat' dir='ltr'><strong>in</strong></span> 
     </span>
     <span class='ocr_line' id='line_1_30' title="bbox 323 3763 1319 3864; baseline 0.011 -34"><span class='ocrx_word' id='word_1_194' title='bbox 323 3783 371 3831; x_wconf 90' lang='lat' dir='ltr'><strong>eo</strong></span> <span class='ocrx_word' id='word_1_195' title='bbox 397 3785 520 3858; x_wconf 89' lang='lat' dir='ltr'><strong>genere</strong></span> <span class='ocrx_word' id='word_1_196' title='bbox 551 3763 600 3834; x_wconf 89' lang='lat' dir='ltr'><strong>sic</strong></span> <span class='ocrx_word' id='word_1_197' title='bbox 633 3763 750 3837; x_wconf 90' lang='lat' dir='ltr'><strong>studio</strong></span> <span class='ocrx_word' id='word_1_198' title='bbox 782 3764 975 3864; x_wconf 84' lang='lat' dir='ltr'><strong>efferimur,</strong></span> <span class='ocrx_word' id='word_1_199' title='bbox 1008 3779 1048 3838; x_wconf 94' lang='lat' dir='ltr'><strong>ut</strong></span> <span class='ocrx_word' id='word_1_200' title='bbox 1073 3767 1134 3840; x_wconf 87' lang='lat' dir='ltr'><strong>abs</strong></span> <span class='ocrx_word' id='word_1_201' title='bbox 1160 3780 1194 3840; x_wconf 87' lang='lat' dir='ltr'><strong>te</strong></span> <span class='ocrx_word' id='word_1_202' title='bbox 1221 3768 1319 3841; x_wconf 91' lang='lat' dir='ltr'><strong>adiu-</strong></span> 
     </span>
     <span class='ocr_line' id='line_1_31' title="bbox 328 3883 1319 3993; baseline 0.009 -35"><span class='ocrx_word' id='word_1_203' title='bbox 328 3883 434 3958; x_wconf 82' lang='lat' dir='ltr'><strong>vandi</strong></span> <span class='ocrx_word' id='word_1_204' title='bbox 445 3942 456 3986; x_wconf 87' lang='lat'><strong>,</strong></span> <span class='ocrx_word' id='word_1_205' title='bbox 492 3885 535 3964; x_wconf 90' lang='lat' dir='ltr'><strong>ab</strong></span> <span class='ocrx_word' id='word_1_206' title='bbox 574 3886 648 3962; x_wconf 91' lang='lat' dir='ltr'><strong>aliis</strong></span> <span class='ocrx_word' id='word_1_207' title='bbox 680 3913 792 3992; x_wconf 85' lang='lat' dir='ltr'><strong>prope</strong></span> <span class='ocrx_word' id='word_1_208' title='bbox 824 3889 1103 3993; x_wconf 88' lang='lat' dir='ltr'><strong>reprehendendi</strong></span> <span class='ocrx_word' id='word_1_209' title='bbox 1136 3893 1252 3968; x_wconf 91' lang='lat' dir='ltr'><strong>simus.</strong></span> <span class='ocrx_word' id='word_1_210' title='bbox 1284 3895 1319 3967; x_wconf 91' lang='lat' dir='ltr'><strong>Si</strong></span> 
     </span>
    </p>
   </div>
   <div class='ocr_carea' id='block_1_14' title="bbox 0 0 1422 5012">
    <p class='ocr_par' dir='ltr' id='par_1_16' title="bbox 0 0 1422 5012">
     <span class='ocr_line' id='line_1_32' title="bbox 0 0 1422 5012; baseline 0 0"><span class='ocrx_word' id='word_1_211' title='bbox 0 0 1422 5012; x_wconf 95' lang='lat' dir='ltr'><strong> </strong></span> 
     </span>
    </p>
   </div>
  </div>
 </body>
</html>
