2932 5000
326 407 399 507 378
690 426 962 480 suuortrrouus

324 530 363 592 36
382 509 488 591 Lamb.
506 529 671 612 publicanis
691 529 914 598 conductionem
934 533 1180 607 renuntiantibus,
1202 537 1263 598 soil.
1292 561 1327 600 ex

362 639 492 719 ingenio.
910 629 916 638 ’

324 745 361 825 37
383 743 514 805 Consule
537 744 676 817 Metello,
703 743 860 806 aFlavio'
877 744 1000 806 tribuno
1027 747 1143 829 plebis,
1168 754 1241 831 qnia
1268 752 1326 835 legi

362 853 426 912 eius
446 853 582 933 agrariae
602 853 765 925 restiterat,
786 862 821 912 ut
841 861 946 913 namet
968 854 1047 927 Dio,
1075 854 1127 916 lib.
1153 857 1326 930 XXXVII,
1354 879 1357 884 ·

364 979 391 1020 o.
411 956 460 1019 50.
482 959 555 1019 Em.
577 959 635 1021 Vel
650 979 689 1020 ex
702 958 785 1022 hisee
798 958 919 1020 duobus
931 961 1088 1043 exemplis,
1108 962 1146 1023 de
1160 963 1285 1036 Flavio,
1296 977 1326 1026 et

363 1067 436 1147 Leg.
451 1066 512 1139 ΙΙΙ,
531 1087 566 1148 9,
586 1064 625 1126 de
645 1065 782 1127 Curiatio
802 1086 984 1148 cognoscere
1004 1067 1089 1142 licet,
1111 1081 1258 1150 quantum
1274 1093 1328 1154 po·

267 1211 269 1220 ,
360 1174 471 1232 tentiae
483 1170 584 1254 adepti
596 1173 655 1232 sint
672 1172 704 1232 in
717 1193 751 1232 re
766 1171 851 1256 publ.
868 1172 982 1234 tribuni
992 1174 1098 1257 plebis.
1112 1177 1276 1257 Aspimvit,
1288 1200 1324 1240 ne

361 1277 610 1360 significationem
632 1278 758 1360 quidem
768 1279 881 1341 favoris
894 1283 1001 1342 emisit.
1021 1280 1118 1343 Nemo
1130 1303 1247 1356 eornm,
1261 1284 1321 1345 scil.

360 1387 513 1466 equitum,
526 1405 653 1468 quornm
665 1403 756 1468 opera
768 1408 838 1468 ego,
857 1389 980 1471 itemque
1003 1379 1161 1464 Consules,
1179 1391 1233 1472 qni
1248 1403 1318 1472 post

359 1511 405 1550 me
415 1491 560 1573 ficerunt,
580 1493 742 1576 rempubl.
761 1493 917 1577 defendere
937 1479 1112 1558 solebamus.

321 1595 360 1658 38
381 1597 547 1672 invidiose,
566 1597 606 1660 de
626 1602 751 1662 remissa
769 1611 857 1684 parte
876 1600 1042 1663 locationis.
1062 1602 1136 1662 Em.

320 1705 361 1787 39
381 1703 562 1780 Semiamns,
582 1706 759 1770 invidiosius
779 1709 888 1781 etiam,
907 1729 980 1791 pro,
1000 1729 1040 1770 an
1059 1708 1274 1770 libertinorum
1294 1722 1324 1772 et

359 1830 517 1871 servotum
538 1832 632 1894 opera
654 1824 776 1874 utemur
795 1817 897 1896 potius
917 1814 957 1874 ad
976 1835 1040 1875 rem
1059 1813 1144 1898 publ.
1165 1815 1324 1880 defenden-

359 1914 451 1987 dam,
472 1917 572 1997 iisque,
589 1938 645 1979 nos
665 1909 812 1981 obnoxios
832 1920 995 1982 faciemus?
1015 1921 1088 1982 Ern.

317 2021 358 2099 40
378 2021 477 2082 Ferre·
493 2021 609 2083 tribum
629 2024 741 2086 dieitur
760 2027 802 2098 is,
822 2029 876 2108 qui
897 2027 1029 2100 obturet,
1050 2029 1192 2101 sortitur,
1216 2049 1322 2110 graece

358 2148 513 2220 τυγχάνει,
524 2132 640 2197 tribum
654 2132 711 2194 sibi
722 2132 956 2216 suffragantem
975 2145 1046 2226 notu
1064 2123 1177 2197 locutio
1196 2136 1229 2198 iu
1245 2135 1323 2198 Phil.

358 2243 403 2315 ΙΙ,
424 2261 458 2316 a,
477 2243 606 2324 aliisque
627 2241 709 2302 loeis.
1085 2317 1088 2320 Ι

318 2349 354 2424 4ι
380 2348 463 2410 Haec
483 2351 507 2410 si
529 2347 619 2409 simul
639 2347 721 2430 legas
742 2367 846 2410 secum
864 2358 1015 2429 pugnant,
1036 2359 1071 2408 ut
1090 2350 1209 2410 monuit
1230 2348 1323 2408 Mala-

358 2457 460 2537 spina,
481 2457 628 2516 inhoneste
653 2471 796 2515 accusare
816 2462 847 2514 et
872 2452 1002 2516 modeste
1026 2453 1142 2526 dicere3
1163 2465 1194 2514 et
1221 2476 1323 2515 rursus
1348 2456 1353 2462 '

356 2559 485 2621 modeste
504 2560 616 2634 dicem,
637 2571 667 2622 et
686 2562 771 2622 nwlss
790 2579 911 2642 operam
930 2559 1010 2622 dere.
1033 2562 1138 2642 ltaque
1152 2563 1218 2644 ipse
1230 2565 1323 2622 corri-

356 2665 498 2748 gebatur
511 2669 631 2730 moleste.
646 2681 707 2728 tam
719 2667 809 2740 dixit,
824 2665 907 2747 quod
920 2687 1052 2748 pronum
1066 2679 1119 2728 est.
1133 2667 1172 2727 Ei
1185 2669 1323 2750 proxime

240 2754 243 2763 '
356 2773 449 2835 enan
470 2773 596 2836 seban:
618 2775 752 2847 nonin,
770 2795 808 2836 a:
828 2771 1151 2857 annuntiante.
1173 2773 1234 2834 sed
1247 2773 1322 2834 nius
1432 2801 1433 2804 κ

356 2891 453 2940 tamen
473 2901 534 2942 non
553 2880 662 2964 placet.
683 2880 717 2941 Si
738 2879 832 2941 verba
851 2878 981 2946 modeste
1002 2892 1100 2942 mmen
1119 2879 1228 2952 tollas,
1247 2880 1321 2941 faei-

354 2983 414 3045 lior
433 3007 536 3047 sensus
556 2997 702 3068 exsurget.
724 2985 815 3074 Molis
832 2987 947 3067 potins,
963 3006 1053 3068 qnam
1074 2986 1208 3058 Moloni,
1228 2985 1260 3046 h.
1280 3008 1320 3057 a,

354 3092 386 3150 in
406 3094 534 3173 pistrino
554 3095 655 3176 potius
676 3114 745 3154 oum
766 3094 940 3176 mancipiis,
961 3113 1053 3174 quam
1074 3095 1106 3152 in
1126 3091 1231 3154 schola
1251 3094 1319 3154 Μο-

354 3194 450 3270 lonis,
471 3220 548 3279 quae
568 3222 631 3261 non
650 3200 743 3262 modo
764 3210 844 3260 recte
866 3198 984 3261 dicendi
1001 3201 1146 3281 magistra
1166 3200 1248 3272 fuit,
1269 3201 1320 3262 sed

353 3304 444 3364 etiam
464 3303 637 3367 humaniter
657 3306 787 3369 vivendi.
1139 3383 1143 3392 ξ

311 3409 352 3485 42
373 3407 420 3469 Sc.
441 3411 586 3473 Nasicam.
608 3415 686 3473 Petit
704 3415 807 3474 iterum
831 3415 874 3473 rei
889 3413 960 3494 pub.
988 3433 1097 3487 censa,
1127 3417 1214 3496 quasi
1235 3414 1318 3478 dioe-

254 3549 256 3558 ν
352 3527 414 3590 ret,
434 3539 493 3578 non
512 3538 583 3595 snm
603 3521 748 3581 nimirum
770 3541 839 3580 cum
861 3521 938 3580 ioco.
1344 3571 1376 3602 s-

311 3621 351 3699 43
371 3623 419 3684 De
438 3627 582 3706 petitione
610 3626 790 3688 consulatus.
824 3625 924 3708 Quum
946 3623 1102 3688 Caesarem
1122 3627 1239 3701 vi'dero,
1264 3613 1338 3713 qu(
1450 3691 1451 3696 .

306 3807 308 3810 .
352 3750 422 3790 cum
443 3733 572 3793 Lucceio
598 3745 703 3796 contra
728 3733 872 3795 Bibulum
899 3734 1045 3809 coiverat;
1072 3753 1118 3817 ep.
1147 3734 1262 3808 XXH,
1289 3734 1317 3794 5.

351 3836 470 3901 Manut.

203 4013 206 4022 Ι
311 3936 352 4016 44
372 3943 413 4004 Μ.
435 3945 563 4009 Servilio
586 3947 714 4010 Gemino
736 3944 804 4006 trib.
831 3945 871 4030 pl.
895 3947 943 4010 Eu
960 3945 1067 4030 plaga,
1088 3945 1120 4007 id
1141 3945 1257 4012 sctum
1278 3950 1315 4014 de
