2924 5002
337 407 409 482 356
698 425 969 479 sruortrrours

375 528 565 615 pellabantur
579 531 658 589 euim
673 530 787 590 amat
801 529 934 590 Clericus
953 537 1040 588 notat
1052 526 1201 610 quosdam
1220 525 1335 611 legere:

382 637 430 700 Tr.
451 657 510 697 non
524 649 584 696 tam
601 625 728 706 aerbrii,
750 648 782 695 at
800 636 1006 718 appellantur,
1025 655 1117 718 qaam
1135 635 1245 710 aerati3
1267 634 1338 696 libri
1380 627 1384 632 ⁶

376 756 478 805 tamen
491 763 594 803 omnes
610 743 713 823 scripti
732 741 783 801 Tr.
804 763 862 803 non
877 754 938 801 tam
949 743 1055 813 aerati,
1076 754 1213 824 quamut
1229 743 1335 824 appel·

377 851 491 922 bantur,
510 848 631 923 aerarii3
643 846 674 907 h.
689 868 729 919 e.,
742 857 778 908 ut
796 848 926 930 explicat
937 847 1119 930 Malaspina,
1138 847 1253 908 tribuni
1272 867 1337 908 non

375 968 439 1019 tam
465 955 542 1017 bene
568 955 732 1025 nummati,
752 975 844 1034 quam
870 956 913 1014 ita
932 966 1053 1036 turpes,
1073 964 1108 1014 ut
1127 956 1159 1014 in
1183 953 1337 1013 Caeritum

377 1063 495 1125 tabulas
516 1063 624 1122 merito
642 1060 788 1122 referendi
810 1063 877 1121 sint.
897 1060 992 1122 Ludit
1010 1062 1155 1121 nimirum
1177 1060 1285 1120 Cicero
1305 1061 1337 1118 iu

377 1171 491 1252 duplici
517 1169 626 1229 aerarii
649 1166 873 1248 significatione.
905 1168 1021 1228 Aerarii
1050 1168 1132 1226 enim
1158 1165 1337 1227 dicebantur

377 1276 508 1348 tribuni,
534 1276 587 1356 qui
600 1275 760 1356 pecuniam
780 1273 814 1333 P.
834 1272 872 1333 R.
892 1272 1082 1346 tractabant,
1102 1274 1153 1354 qui
1175 1282 1339 1354 propterea

378 1405 395 1444 e
414 1381 573 1452 divitibus,
594 1383 655 1440 sive
675 1381 802 1453 aeratis,
821 1390 852 1440 et
871 1382 1071 1461 integerrimis
1091 1377 1210 1464 eplebc
1224 1381 1337 1459 sumpti

377 1490 533 1564 videntum
555 1498 586 1548 et
606 1489 658 1566 qui
679 1488 814 1546 censoria
835 1489 992 1547 severitate
1006 1488 1119 1558 notati,
1137 1487 1169 1544 in
1182 1485 1338 1544 Caeritum

377 1592 728 1664 tabulasrelerebantur,
748 1603 779 1653 et
797 1593 907 1652 aerarii
922 1590 1053 1665 fiebant,
1072 1612 1108 1652 ac
1127 1611 1182 1674 per
1202 1590 1263 1650 hoc
1276 1591 1336 1672 pri-

378 1706 440 1764 vati
461 1701 611 1781 suffragiis
630 1703 664 1760 in
684 1698 743 1760 hoc
762 1698 861 1760 solum
881 1709 968 1759 erant
987 1703 1088 1770 aives,
1107 1709 1142 1759 ut
1161 1716 1220 1779 pro
1241 1697 1338 1778 capite

379 1830 449 1881 suo,
475 1807 581 1868 tributi
601 1808 738 1877 nomine,
758 1826 828 1866 aera
848 1803 1035 1887 praeberent
1056 1804 1126 1867 Vid.
1141 1805 1207 1864 Asc.
1229 1802 1268 1862 ad
1283 1804 1338 1862 Di-

378 1918 470 1975 vlnat.
492 1935 517 1973 c.
537 1915 567 1989 4.
590 1913 634 1973 Vt
652 1923 785 1972 aaronem
810 1932 868 1994 pro
892 1912 1050 1993 pecunioso
1077 1909 1217 1972 del'endat
1240 1908 1338 1968 Mala-

380 2023 467 2103 splna
487 2017 575 2078 affert
594 2017 670 2076 illud
690 2016 791 2077 Plauti
814 2016 920 2095 (Most.
935 2017 990 2090 lV,
1002 2037 1038 2088 a,
1057 2016 1091 2099 9)
1103 2013 1340 2097 firmcemsacis,

379 2128 449 2209 quia
471 2137 497 2184 te
513 2137 631 2186 aeratus
650 2135 741 2184 amat.

345 2253 375 2298 tt
399 2233 535 2293 Muretus
549 2229 720 2311 corrigebat
730 2229 875 2312 effugere,
896 2233 943 2291 cui
959 2231 1060 2290 favere
1074 2229 1214 2292 videntur
1228 2228 1339 2293 tmbh.

385 2339 439 2411 16,
463 2360 514 2418 17,
534 2340 586 2419 qui
607 2336 709 2418 legunt
728 2334 868 2420 effitgatu.

345 2467 380 2515 ra
400 2444 478 2520 Edd.
499 2445 574 2504 lens.
595 2454 624 2504 et
644 2431 713 2503 Ald.
727 2465 774 2524 pr.
798 2444 992 2527 petitionibus.
1015 2444 1096 2503 Tum
1117 2443 1191 2504 Var.
1213 2443 1281 2505 Ald.
1309 2456 1339 2506 et

379 2550 488 2613 Lamb.
509 2552 617 2611 rectius
643 2551 716 2610 abrit
742 2552 930 2632 impetrabat,
958 2550 1041 2632 quod
1069 2549 1232 2632 respondet
1259 2572 1340 2633 seqq.

380 2657 525 2732 dabatur,
545 2656 749 2738 triumphabat.

346 2758 380 2825 13
401 2765 440 2826 Se
460 2775 522 2824 tam
544 2763 644 2823 dlvine
657 2766 816 2843 cogitasse,
836 2775 871 2825 ut
884 2763 1012 2846 explieat
1026 2761 1184 2824 Sohiitzius
1203 2764 1339 2827 refellens

381 2870 593 2942 Gebhardum,
614 2871 665 2951 qul
686 2869 858 2951 corrigebat
876 2891 907 2930 se
927 2871 1023 2930 vicuse
1045 2867 1171 2930 taudem.

347 2977 381 3058 ¹4
401 2976 437 3036 ld
457 2988 515 3048 ast,
541 2977 632 3063 credo
652 2985 682 3036 te
708 2976 844 3050 audisse,
871 2997 948 3057 quae
976 2977 1179 3037 consurrectio
1206 2977 1339 3038 iudicum

380 3080 460 3142 facta
480 3084 533 3154 sit,
554 3101 648 3162 quum
669 3081 768 3142 Clodii
790 3083 928 3144 advocati
950 3082 1114 3144 clamarent
1135 3091 1242 3141 contra
1257 3083 1339 3145 Cice-

382 3208 487 3248 ronem
511 3186 659 3250 dicentem
690 3187 833 3250 adversus
864 3188 1004 3254 Clodium
1035 3169 1251 3249 testiinonium.
1284 3190 1340 3252 sed

380 3292 485 3382 paullo
504 3292 608 3354 durius
628 3313 669 3355 ex
687 3296 785 3356 visum
807 3307 851 3356 est
870 3295 1019 3356 Ernestio.

347 3398 382 3460 15
403 3396 611 3471 Athenienses,
631 3421 707 3481 quos
728 3403 807 3464 cives
828 3403 917 3462 Atticl
946 3412 1050 3473 vocat,
1072 3401 1154 3481 quod
1179 3401 1231 3462 ille
1258 3424 1339 3462 ama-

383 3505 436 3566 bat
456 3503 663 3581 Athenlenses3
684 3506 764 3568 undo
784 3519 814 3568 et
833 3510 949 3568 Atticas
970 3507 1075 3567 dictus.
1096 3507 1170 3568 Em.
1192 3507 1275 3568 lllud
1300 3511 1340 3568 iu·
1439 3563 1440 3566 ,

382 3631 449 3672 rane
470 3612 680 3694 prohibuerunt
707 3614 871 3696 significat,
896 3615 1098 3675 Xenocratem
1125 3611 1203 3672 adeo
1223 3617 1289 3674 vita
1312 3624 1342 3675 et

382 3717 518 3778 moribus
536 3719 687 3799 integrum
700 3721 804 3795 fuisse,
824 3733 858 3782 ut
870 3724 962 3782 etiam
976 3722 1107 3779 iniurato
1120 3717 1197 3780 fides
1210 3723 1340 3780 maxima

382 3827 409 3885 ei
430 3823 601 3896 haberetur.
627 3825 758 3888 Tabulas
778 3829 895 3889 Metalli
910 3826 951 3890 N.
965 3825 1103 3888 Metellus
1115 3809 1156 3885 de¹
1166 3825 1341 3908 repetundis

383 3942 537 3996 accusatus
559 3932 664 3995 fuerat.
686 3933 760 3995 Eius
781 3933 902 3995 tabulae
923 3934 1037 4014 aooepti
1057 3941 1087 3992 et
1104 3933 1226 4014 expensi
1248 3952 1341 4014 quum
