2924 5002
503 409 539 454 IN
566 403 755 460 musmones

131 515 148 576 3
169 513 225 574 Ed.
246 510 354 571 Miuut.
376 505 580 568 ostenderetur.
637 531 640 559 t

130 621 151 696 4
170 618 227 678 Ed.
249 618 391 696 Lavagnu
405 615 456 674 tibi
473 635 495 673 c.

130 725 150 784 5
170 695 253 784 Edds
268 725 342 782 Lav.
365 733 395 782 et
415 720 507 780 Hem.
529 717 619 779 uideri
637 718 730 779 debet.

128 830 148 890 6
170 833 271 891 Innuit
291 829 480 911 provinciam
502 825 725 898 Macedoniam,
747 845 839 904 quem
863 846 920 908 pro
946 826 1044 886 Gallia
1065 827 1127 886 An-

168 938 253 996 tonio
267 935 412 995 concessit
427 933 519 1012 (Plut.
535 935 564 991 in
579 933 639 992 Cic.
654 952 722 1013 pag.
735 929 809 1008 8663
823 932 884 991 Dio
896 931 1061 1004 XXXVII,
1076 935 1129 1004 33,

52 1057 56 1067 '
161 1045 248 1102 etin
268 1042 327 1102 Pis.
349 1062 373 1101 c.
395 1043 448 1118 ης
469 1037 575 1100 deiude
596 1037 800 1098 defeusIonem
821 1041 902 1116 eius,
917 1059 1010 1119 quem
1034 1042 1065 1098 in
1086 1061 1128 1099 se·

167 1157 241 1208 natu
261 1149 404 1228 suscepit,
425 1167 471 1227 ep.
493 1165 574 1226 sup,
595 1145 624 1221 4.

131 1276 147 1334 7
170 1254 295 1335 Saepius
317 1251 376 1312 hoc
396 1250 490 1311 verbo
511 1271 582 1310 usus
603 1271 665 1312 esse
685 1250 805 1310 videtur
827 1251 933 1310 Cicero
948 1251 986 1310 ad
1000 1263 1128 1312 ostentu·

167 1362 283 1420 tionem
303 1361 334 1418 in
356 1369 460 1419 senatu
481 1357 562 1417 etad
576 1357 741 1438 populum,
761 1377 855 1438 quum
870 1357 907 1418 de
922 1359 1130 1418 coniuratione

169 1466 345 1526 Catilinaria
365 1485 383 1524 a
404 1485 434 1524 se
456 1461 643 1545 deprehensa
663 1475 777 1544 ageret,
797 1475 832 1524 ut
851 1485 897 1545 ep.
919 1465 1004 1535 XIV,
1025 1467 1057 1540 4:
1078 1485 1130 1543 ego

166 1594 259 1654 quum
278 1573 481 1652 comperissem
502 1580 556 1630 ete.
577 1569 644 1630 Hoc
664 1573 763 1652 ipsum
786 1571 924 1630 Ciceroni
938 1569 1043 1631 obiicit
1062 1569 1131 1631 Clo·

167 1678 237 1737 dius
249 1679 280 1736 iu
291 1680 377 1758 epist.
388 1677 473 1749 XIX,
482 1675 503 1736 6
512 1686 599 1748 extu,
611 1687 641 1736 et
652 1677 771 1736 Pseudo
779 1712 818 1723 -
826 1676 896 1736 Sall.
909 1675 940 1736 in
952 1676 1014 1736 Cic.
1025 1677 1085 1748 III,
1098 1697 1129 1734 2:

165 1783 292 1864 denique
312 1782 350 1842 de
370 1803 404 1843 eo
426 1783 476 1842 tibi
494 1794 675 1861 compertum
695 1795 744 1842 ese.
858 1847 860 1852 ¹

120 1889 147 1949 ¹8
169 1890 332 1951 Verissime
352 1891 394 1948 sic
420 1888 590 1949 emendavit
618 1889 916 1969 Martyni-Laguua,
943 1888 1034 1969 idque
1060 1909 1131 1950 cum

169 1994 290 2056 Schtitz.
303 1997 492 2077 ¹recepimus.
521 1995 612 2076 Vulg.
629 1994 713 2076 salso
739 1997 769 2056 iu
795 2015 832 2055 m.
854 2017 876 2055 s.
897 2015 921 2054 c.
950 1995 1132 2067 Lambinus,

169 2104 224 2183 qui
245 2101 326 2182 vulg.
348 2102 506 2162 lectionem
527 2105 641 2184 parites
660 2123 720 2162 non
740 2101 892 2183 capIebat,
913 2101 1014 2182 locum
1035 2113 1132 2162 mame

167 2211 296 2290 proprio
311 2211 511 2269 concinnavit:
527 2208 608 2290 quod
619 2208 790 2289 niuntfalso
804 2229 824 2267 a
838 2229 883 2267 me
896 2209 989 2269 solere
997 2207 1131 2290 preſsuri.

169 2420 284 2492 refero,
305 2441 397 2500 quem
412 2419 451 2480 ad
464 2421 509 2492 ld,
531 2421 614 2501 quod
634 2421 744 2502 legitur
757 2424 789 2480 iu
807 2441 853 2502 ep.
868 2442 950 2503 sup.⁷
972 2441 998 2479 2.
1014 2421 1131 2479 Manus.

136 2547 172 2586 10
195 2525 255 2586 Sic.
275 2526 362 2588 codd.
382 2527 489 2587 Dresd.
506 2528 538 2598 3,
555 2537 590 2598 et
602 2527 710 2608 Torg,
732 2525 1132 2607 quibusaddeAmbb.fe1·c

169 2653 289 2704 omnes,
310 2644 340 2693 et
360 2632 405 2694 ed.
426 2633 513 2693 Rom.
520 2677 531 2706 ,
550 2645 729 2715 receperunt
749 2633 943 2705 Benedictus,
964 2633 1130 2713 Mart-Lug.

169 2750 201 2799 et
222 2738 340 2799 schutz.
360 2739 464 2820 Vulgo
485 2741 659 2802 existimant.

134 2843 262 2906 11sScil.
283 2845 366 2906 nulla
387 2867 419 2906 re
439 2856 568 2906 coactus.
588 2845 667 2906 Phil.
689 2847 784 2919 XIII,
802 2868 831 2905 11
846 2869 851 2905 :
873 2847 1020 2907 voluntate
1034 2846 1132 2927 hospi-

174 2953 433 3022 tem‚‚necess'itate
453 2954 571 3013 hostem.
593 2953 665 3013 Mox
685 2951 796 3014 Ambb.
820 2954 852 3024 3,
884 2975 900 3033 7
928 2965 957 3038 ct
977 2953 1047 3013 Rec.
1065 2963 1133 3035 post

170 3059 337 3118 constantia
358 3056 473 3117 addunt
494 3071 551 3119 tua.

137 3183 172 3223 12
196 3164 284 3240 Quae
312 3164 423 3224 scillcet
447 3167 605 3226 imminent
630 3185 664 3226 ex
693 3168 809 3226 actione
836 3165 995 3247 Pompeii;
1023 3164 1059 3224 cf.
1087 3185 1133 3246 ep.

172 3289 239 3350 sup.
255 3289 282 3329 2.

132 3375 170 3434 13
194 3375 282 3436 Amb.
307 3395 340 3434 12
362 3378 452 3438 snullo
472 3380 564 3458 magis
583 3377 719 3439 studium.

132 3483 171 3558 14
194 3481 378 3562 Profhudere
397 3495 441 3570 est
467 3505 558 3565 supra
584 3485 709 3546 mudum
737 3485 879 3570 fundepe,
906 3484 958 3544 sed
984 3503 1045 3543 uon
1072 3482 1134 3542 fru-

171 3598 248 3662 stru3
266 3587 390 3668 perdere
410 3591 538 3650 inaniter
557 3589 699 3666 fundere3
720 3591 780 3652 vid.
802 3591 926 3652 Festum
945 3593 976 3650 in
986 3588 1134 3671 profluus.

133 3691 172 3752 15
193 3693 331 3766 Passive,
352 3692 382 3754 h.
403 3716 427 3754 e.
448 3716 510 3755 uon
532 3707 618 3778 grata
637 3696 701 3756 tibi.

133 3795 172 3858 16
193 3798 244 3858 Sic
257 3799 322 3859 cod.
337 3800 528 3874 Recalcatus,
548 3802 630 3883 quod
644 3814 674 3863 et
691 3803 801 3864 Schtitz
816 3805 905 3864 tacite
919 3800 1019 3862 edidit.
1031 3798 1133 3879 Vulgo

173 3905 225 3964 tibi
243 3906 317 3986 ipse,
339 3907 421 3987 quod
441 3908 539 3990 friget.
850 3885 864 3902 l

130 4031 169 4090 .¹7
193 4012 286 4088 Quod
306 4011 399 4074 habet
419 4025 523 4077 contra
545 4013 715 4095 Sicyonios,
735 4027 770 4075 ut
790 4027 833 4076 est
855 4017 886 4075 iu
907 4035 953 4095 ep.
977 4033 1035 4102 seq.
1058 4032 1080 4069 1.
