2924 5002
347 397 417 471 338
492 443 497 454 ι
707 381 977 464 tunortrionns

385 541 479 602 quum
500 517 606 582 Cicero
627 515 730 576 consul
750 518 780 575 in
802 515 899 586 urbe,
919 511 1057 574 Metellus
1085 523 1208 595 praetor
1234 515 1266 573 in
1292 512 1346 574 Pi·

385 647 458 688 ceno
480 625 637 684 Catilinam
659 625 783 703 eiusque
804 631 935 681 armatos
956 621 1051 680 socios
1071 622 1219 700 persecuti
1241 623 1307 680 sint.

347 736 364 794 3
385 733 435 793 Sic
455 729 541 793 codd.
555 749 673 803 omnes3
695 727 916 808 Martyni-Lag.
930 735 1031 785 tamen
1045 725 1238 806 labefactam,
1258 728 1343 786 cuius

385 836 556 920 exemplum
576 834 645 896 vide
665 833 703 895 de
724 834 798 894 Har.
819 833 908 913 Rcsp.
930 854 953 892 c.
976 831 1022 894 28.

345 947 365 1022 4
385 945 427 1004 Ne
447 944 571 1003 sortasse
591 953 625 1002 tu
646 940 785 1001 redderes
805 939 881 998 mihi
902 938 1036 1019 aliquam
1056 940 1153 999 vicem
1173 949 1204 999 et
1224 951 1343 1021 partem

384 1060 508 1110 mutuae
528 1048 689 1108 voluntatis
711 1050 742 1107 in
762 1067 811 1107 me
831 1044 1000 1118 laudando,
1020 1065 1115 1126 quum
1129 1066 1186 1127 ego
1202 1057 1229 1105 te
1241 1045 1345 1108 hono-

385 1157 610 1217 rificentissimis
630 1155 721 1216 rebus
742 1174 894 1216 ornassent
916 1157 947 1212 in
967 1164 1080 1214 senatu.

248 1307 254 1318 .
348 1262 437 1323 ssic
458 1273 533 1344 post
555 1262 727 1322 Victoriam
763 1262 943 1322 recentiores
968 1280 1092 1331 omnes,
1142 1258 1203 1320 uod
1227 1269 1259 1320 et
1287 1260 1346 1320 bo·

324 1366 329 1370 ’
385 1371 432 1440 ni,
446 1372 499 1429 etsi
518 1343 624 1450 nauci,
645 1367 713 1427 libri
732 1366 860 1437 habent,
879 1369 958 1427 inter
978 1387 1055 1447 quos
1075 1365 1163 1426 amb.
1198 1365 1226 1426 5.
1249 1366 1346 1427 Codd.

348 1457 355 1472 ³
385 1474 447 1534 fere
474 1495 576 1534 omnes
596 1483 764 1556 quantoque
783 1491 894 1537 mem
914 1472 962 1532 vel
981 1492 1124 1545 moerore,
1145 1472 1228 1553 quod
1254 1476 1346 1534 etiam

331 1573 334 1578 ’
385 1582 448 1640 sine
475 1579 559 1640 libris
585 1579 797 1662 corrigendum
827 1590 900 1640 erat.
933 1579 1004 1639 Mox
1038 1581 1130 1658 mgis
1156 1582 1187 1638 in
1218 1599 1347 1640 errorem

385 1687 465 1746 idem
486 1686 573 1746 Amb.
599 1687 634 1748 15
654 1686 747 1747 habet
758 1707 815 1768 pro
829 1688 923 1766 magis
934 1688 964 1746 in
977 1705 1144 1745 moerorem.
1166 1686 1250 1746 Tum
1265 1686 1348 1746 Mar-

385 1794 557 1874 tyni·Lag.‚
586 1814 677 1875 quem
708 1796 844 1873 sequitur
876 1792 1005 1864 schitia,
1039 1794 1098 1852 vilra
1125 1804 1169 1851 cst
1194 1795 1347 1866 nemetim

387 1897 496 1957 Ambb.
518 1901 551 1972 3,
571 1901 593 1974 4
612 1923 636 1958 ν,
656 1920 681 1960 e.
702 1902 786 1959 ratio.
1013 1961 1016 1972 ,

346 2002 366 2061 6
386 2004 663 2086 Martyni-Laguna
683 2019 713 2064 et
733 2004 803 2064 Sch.
827 2007 1018 2068 testimonium
1040 2015 1107 2066 tuae
1126 2006 1283 2066 voluntatis
1294 2017 1343 2068 at·

385 2131 442 2192 que
462 2111 552 2183 vocis,
572 2114 672 2172 neseio
692 2133 731 2171 an
752 2132 768 2172 e
788 2133 866 2181 mss,

347 2215 454 2295 7Scil.
487 2216 624 2276 Galliam.
656 2217 746 2278 Meae
773 2221 849 2280 enim
879 2223 1006 2279 rationes
1035 2221 1076 2279 ita
1105 2219 1253 2304 tulerunt,
1282 2221 1343 2279 Dio

316 2403 325 2414 .
385 2322 552 2394 XXXVII,
574 2325 624 2383 33:
642 2324 827 2407 “Obtigerat
840 2328 867 2385 ei
884 2326 1054 2404 (Ciceroni)
1074 2325 1150 2387 forte
1164 2325 1344 2387 Macedonia

388 2454 405 2484 a
426 2432 598 2511 provincia,
611 2431 663 2492 sed
676 2453 743 2492 eam
757 2433 890 2514 collegae
903 2442 1102 2506 concesserat,
1115 2444 1150 2494 ut
1162 2433 1283 2494 iudiciis
1294 2455 1345 2494 va·
1445 2451 1446 2485 l

388 2561 405 2589 ιι
426 2556 494 2596 care
514 2548 632 2618 posset;
652 2541 716 2620 ipsc
730 2535 859 2599 Galliam
874 2543 1018 2611 vicinam,
1038 2539 1078 2599 ob
1091 2551 1283 2622 praesentem
1296 2562 1344 2600 re·

389 2669 406 2696 u
428 2663 496 2701 rum
517 2653 628 2704 statum
651 2648 903 2726 (coniurationem
919 2647 1154 2726 catilinarium-l,
1174 2667 1233 2729 pro
1247 2668 1284 2707 ea
1297 2668 1344 2707 re·
1443 2701 1444 2724 ,

387 2775 404 2802 c
425 2760 552 2830 ceperat.
575 2750 633 2810 Sed
653 2773 691 2812 ne
711 2753 742 2812 in
763 2751 842 2813 hane
862 2753 983 2834 quidern
1005 2755 1110 2827 exivit3
1131 2773 1240 2813 verum
1261 2753 1346 2812 urbis

387 2879 404 2908 ιι
425 2854 591 2916 custodiam
611 2861 714 2938 gessit,
734 2862 825 2920 misso
846 2863 877 2920 in
898 2859 1027 2920 Galliam
1047 2859 1186 2931 Metello,
1207 2881 1246 2920 ne
1267 2859 1346 2920 hane

388 2986 404 3013 ιι
425 2964 515 3020 etiam
535 2965 581 3022 sui
594 2966 669 3024 iuris
683 2965 811 3026 Catilina
824 2967 965 3028 faceret„
988 2969 1050 3045 Qui
1063 2967 1141 3056 Dio,
1161 2987 1260 3048 quum
1273 2967 1346 3029 dicit
1442 3007 1443 3018 κ

384 3067 469 3126 misso
494 3069 523 3127 in
552 3067 682 3130 Galliam
706 3073 848 3144 Metelle,
869 3073 927 3132 hoc
952 3074 1044 3133 modo
1071 3072 1281 3154 intelligendus
1309 3094 1343 3132 ex

384 3169 441 3229 hac
460 3175 584 3256 epistola
604 3188 665 3236 est:
685 3181 776 3240 misso
796 3201 851 3261 per
871 3191 1006 3240 senatum
1026 3179 1165 3252 Metello,
1190 3180 1343 3240 adnitente

385 3275 537 3339 Cicerone.
560 3282 603 3342 Cf.
618 3285 802 3366 Remarques
825 3308 875 3346 sur
896 3287 926 3346 la
940 3289 988 3348 vie
1002 3286 1039 3346 de
1054 3286 1181 3346 Ciee'ron
1194 3307 1254 3368 par
1269 3287 1342 3346 Plu-

383 3392 506 3463 tarque‚
520 3387 618 3450 Aead.
637 3389 689 3449 des
707 3392 787 3452 Ince.
808 3405 837 3452 et
857 3395 892 3453 B.
907 3395 984 3453 Len.
1010 3393 1042 3454 T.
1061 3393 1094 3454 V
1093 3393 1126 3453 II
1131 3413 1182 3474 ,μ
1207 3392 1271 3470 148.
1293 3394 1343 3452 Sic

385 3506 431 3570 ep.
444 3491 518 3564 XX,
537 3495 572 3570 4:
594 3495 778 3577 Desponsam
798 3502 984 3562 taminiam
1003 3501 1123 3579 Syriam
1141 3499 1249 3560 edenti.

345 3591 431 3655 alra
457 3619 535 3659 unus
563 3602 650 3664 Amb.
677 3605 712 3665 15
739 3627 807 3667 cunr
841 3607 925 3680 Sch.,
946 3618 977 3668 et
1002 3610 1044 3668 ita
1070 3627 1170 3668 sensus
1199 3605 1342 3689 postulat

348 3743 352 3754 ,
384 3702 486 3785 Vulgo
506 3707 581 3788 riise,
600 3712 683 3792 quod
703 3713 801 3796 friget.
816 3715 932 3788 Levior,
944 3713 974 3774 h.
988 3736 1029 3785 a,
1049 3715 1223 3786 iactantior,
1244 3715 1343 3794 inquit
1438 3715 1439 3740 ³

384 3809 555 3887 Ernestius,
576 3821 623 3878 cui
644 3824 744 3901 generi
771 3823 875 3883 levitas
896 3825 927 3882 in
947 3823 1053 3905 primis
1073 3819 1226 3881 tribuitur.

344 3935 364 3994 9
385 3917 485 3992 Quam
513 3923 624 3986 seilicet
648 3939 771 4009 praetor
798 3929 936 3991 Metellus
964 3949 1032 3988 cum
1057 3916 1125 3988 aliis
1148 3924 1342 4010 praetoribus

385 4020 500 4088 habuit.
521 4029 646 4112 Legitur
665 4036 696 4095 in
711 4037 827 4117 aliquot
841 4035 925 4100 libris
942 4047 1056 4108 noran,
1077 4034 1129 4098 sed
1142 4037 1243 4096 minus
1256 4031 1343 4092 hene.
