2886 5000
337 409 404 503 178
687 419 858 472 arrsroua
883 423 974 470 xxix.
1106 418 1139 467 n.
1157 421 1189 469 v.
1209 425 1236 470 c.
1256 421 1302 471 soa

329 525 563 625 integritatem
579 523 743 622 eandem,
769 549 873 624 quam
893 521 1107 622 superiores,
1133 525 1322 597 cautiorem

330 655 434 726 etiam
451 679 492 723 ae
509 650 761 748 diligentiorem
774 651 814 720 ²⁸.
832 648 909 720 Sint
926 673 1025 722 aures
1042 659 1141 746 tuae,
1167 674 1257 748 quae
1273 647 1327 746 id,

330 775 427 878 quod
455 775 615 874 andiunt,
640 775 881 847 existimentur
910 772 1047 871 audine,
1072 798 1145 845 non
1174 774 1212 844 in
1242 799 1326 874 quas

329 904 411 976 ficte
436 914 472 974 et
496 899 655 974 simulata
680 913 843 1001 quaestus
871 925 975 972 causa
1009 899 1251 970 insusurretur.
1279 899 1329 970 Sit

335 1028 482 1102 annulus
508 1042 588 1100 tuus
604 1043 636 1091 ²9
662 1051 735 1098 non
751 1040 791 1097 nt
807 1051 869 1100 vas
887 1023 1048 1126 aliquod,
1073 1023 1136 1096 sed
1161 1038 1329 1124 tanquam
1430 1067 1431 1076 κ

331 1155 408 1254 ipse
433 1168 488 1226 tu:
505 1179 578 1225 non
603 1152 759 1224 minister
776 1149 908 1224 alienae
927 1148 1133 1248 voluntatiS,
1158 1149 1222 1222 sed
1235 1150 1330 1222 testis

336 1294 425 1352 tuae.
444 1281 620 1354 Ascensus
633 1278 678 1350 sit
696 1303 738 1350 eo
750 1302 911 1375 numero,
929 1302 1094 1378 quocum
1112 1278 1261 1348 maiores
1272 1300 1333 1348 no-

333 1406 403 1478 stri.
420 1431 494 1478 esse
520 1403 719 1477 voluerunt:
747 1405 805 1503 qui
823 1403 892 1474 hoc
909 1427 982 1476 non
1004 1403 1042 1474 in
1059 1402 1219 1474 beneficii
1236 1400 1333 1500 loco,

336 1530 399 1603 sed
423 1531 460 1602 in
476 1529 608 1602 laboris
627 1555 667 1601 ac
685 1530 855 1627 muneris,
880 1553 952 1602 non
970 1543 1101 1600 temere
1117 1529 1185 1600 nisi
1202 1526 1334 1598 libertis
1430 1515 1431 1536 ³

332 1658 402 1730 suis
428 1655 630 1729 deferebant
646 1658 693 1727 ³⁰:
720 1653 922 1756 quibus'illi
948 1655 1089 1756 quidem
1120 1680 1193 1727 non
1221 1653 1333 1726 multo
1430 1679 1431 1742 j

335 1808 452 1882 secus,
476 1809 516 1854 ac
542 1783 667 1881 servis,
691 1782 921 1882 imperabant.
948 1782 1000 1853 Sit
1016 1781 1121 1854 lictor
1137 1807 1211 1854 non
1236 1808 1336 1880 suae,
1430 1775 1431 1822 ³

334 1907 397 1981 sed
421 1922 502 1980 tuae
526 1907 678 1980 lenitatis
695 1909 725 1957 ³¹
753 1909 946 2007 apparitor:
971 1908 1173 2008 maioraque
1201 1906 1336 2006 prael·
1430 1933 1431 2004 ξ

333 2045 414 2108 rant
438 2035 547 2108 fasces
564 2033 612 2106 illi
630 2060 670 2106 ac
687 2061 824 2108 secures
843 2035 1019 2132 dignitatis
1036 2037 1200 2133 insignia,
1228 2061 1336 2135 quam

318 2162 525 2258 potestatis.
551 2161 634 2233 Toti
660 2159 810 2261 denique
835 2162 880 2232 sit
905 2160 1107 2259 provinciae
1134 2161 1336 2258 cognitum,
1430 2151 1431 2154 ¹

334 2283 401 2356 tibi
424 2286 597 2383 omnium,
622 2284 747 2385 quibus
773 2286 922 2384 praesis,
938 2284 1101 2383 salutem,
1126 2283 1271 2384 liberae,
1289 2285 1337 2356 fa·
1430 2283 1431 2364 ζ

334 2435 442 2508 mam,
466 2409 622 2482 fortunas
647 2435 722 2481 esse
748 2411 950 2482 carissimas.
977 2411 1137 2510 Denique
1154 2385 1241 2482 haec
1260 2412 1336 2509 opi·
1430 2377 1431 2470 l

334 2536 395 2608 nio
421 2535 483 2632 sit,
507 2560 581 2608 non
596 2536 704 2609 modo
728 2536 786 2633 iis,
812 2537 871 2635 qui
889 2533 1021 2635 aliquid
1038 2537 1256 2634 acceperint,
1273 2535 1337 2608 sed

334 2663 377 2735 iis
400 2647 524 2758 etiam,
550 2663 609 2762 qui
627 2660 801 2757 dederint,
827 2675 861 2732 te
878 2662 1058 2734 inimicum
1086 2671 1097 2748 l
1104 2663 1133 2733 si
1150 2661 1187 2734 id
1205 2687 1336 2759 cogno-

242 2787 246 2798 ’
335 2789 444 2874 veris)
461 2787 623 2859 futurum.
649 2787 770 2888 Neque
788 2812 871 2859 vero
890 2767 1073 2887 quisquam
1091 2785 1206 2884 dabit,
1224 2813 1336 2887 quum

336 2912 402 2983 erit
425 2911 493 2982 hoe
519 2927 755 3010 perspectum,
779 2911 865 3006 nihil
889 2937 953 3012 per
979 2938 1056 3011 eos,
1082 2913 1141 3012 qni
1167 2911 1339 2984 simulant

338 3061 375 3106 se
401 3034 496 3135 apud
521 3048 557 3106 te
587 3035 737 3109 multum
770 3063 894 3136 posse,
924 3036 986 3110 abs
1020 3051 1054 3108 te
1087 3036 1199 3110 solere
1227 3038 1339 3138 impe-
1430 3117 1431 3120 Ἴ

336 3163 429 3234 trari.
452 3161 526 3235 Nec
550 3143 669 3234 tamen
694 3176 747 3234 est
771 3163 858 3235 haec
883 3164 996 3240 oratio
1019 3189 1098 3236 mea
1115 3162 1341 3260 huiusmodi,
1430 3201 1431 3220 κ

335 3298 377 3358 ut
401 3300 437 3358 te
461 3287 498 3358 in
523 3301 602 3360 tuos
628 3303 689 3359 aut
713 3288 839 3362 durum
864 3315 938 3362 esse
955 3289 1117 3387 nimium,
1142 3303 1205 3361 aut
1221 3289 1338 3387 suspi-

337 3411 472 3484 ciosum
496 3411 611 3487 velim.
637 3412 729 3487 Nam
753 3415 783 3486 si
809 3415 885 3516 quis
918 3428 972 3512 cst
1004 3439 1143 3514 eorum,
1177 3416 1238 3515 qui
1269 3411 1337 3486 u'bi
1430 3389 1431 3410 ³

305 3630 310 3636 Ι
336 3533 470 3608 biennii
495 3539 611 3636 spatio
634 3563 815 3640 uunquam
839 3540 876 3612 in
901 3539 1135 3639 suspicionem
1167 3540 1336 3613 avaritiae
1430 3519 1431 3528 ἵ

336 3663 471 3734 venerit
496 3671 554 3751 (ut
578 3690 643 3762 ego
668 3665 844 3763 Caesium,
870 3681 906 3738 et
930 3665 1190 3766 Chaerippum,
1216 3681 1250 3737 et
1265 3667 1338 3736 La-

226 3785 229 3789 ’
336 3785 503 3888 beonem,
528 3802 563 3861 et
588 3789 710 3890 audio,
735 3793 898 3892 et,quia
932 3793 1098 3892 cognovi,
1130 3793 1339 3886 existimo),
1430 3837 1431 3842 κ

337 3911 423 3984 nihil
448 3929 516 4014 ast,
542 3916 638 4016 quod
669 3943 743 4025 non
767 3933 803 3990 et
833 3919 890 4017 iis,
922 3933 957 3990 et
988 3921 1017 3992 si
1050 3920 1127 4021 quis
1161 3933 1213 3990 est
1243 3915 1336 3987 alius
