<?xml version="1.0" encoding="UTF-8"?>
<!DOCTYPE html PUBLIC "-//W3C//DTD XHTML 1.0 Transitional//EN"
    "http://www.w3.org/TR/xhtml1/DTD/xhtml1-transitional.dtd">
<html xmlns="http://www.w3.org/1999/xhtml" xml:lang="en" lang="en">
 <head>
  <title>
</title>
<meta http-equiv="Content-Type" content="text/html;charset=utf-8" />
  <meta name='ocr-system' content='tesseract 3.04.00' />
  <meta name='ocr-capabilities' content='ocr_page ocr_carea ocr_par ocr_line ocrx_word'/>
</head>
<body>
  <div class='ocr_page' id='page_1' title='image "./mtulliiciceroni76cicegoog_0325.png"; bbox 0 0 2924 5002; ppageno 0'>
   <div class='ocr_carea' id='block_1_1' title="bbox 335 381 1332 596">
    <p class='ocr_par' dir='ltr' id='par_1_1' title="bbox 335 381 1332 596">
     <span class='ocr_line' id='line_1_1' title="bbox 338 381 1308 472; baseline -0.018 -26"><span class='ocrx_word' id='word_1_1' title='bbox 338 397 408 472; x_wconf 79' lang='lat'><strong>292</strong></span> <span class='ocrx_word' id='word_1_2' title='bbox 691 387 859 438; x_wconf 75' lang='lat' dir='ltr'><strong>urrsroua</strong></span> <span class='ocrx_word' id='word_1_3' title='bbox 883 387 974 435; x_wconf 78' lang='grc'><strong>111111.</strong></span> <span class='ocrx_word' id='word_1_4' title='bbox 1112 381 1143 430; x_wconf 81' lang='grc'><strong>1.</strong></span> <span class='ocrx_word' id='word_1_5' title='bbox 1160 383 1193 432; x_wconf 87' lang='lat' dir='ltr'><strong>v.</strong></span> <span class='ocrx_word' id='word_1_6' title='bbox 1212 386 1239 430; x_wconf 88' lang='lat' dir='ltr'><strong>c.</strong></span> <span class='ocrx_word' id='word_1_7' title='bbox 1258 381 1308 449; x_wconf 68' lang='lat'><strong>⁶94</strong></span> 
     </span>
     <span class='ocr_line' id='line_1_2' title="bbox 335 457 1332 596; baseline -0.01 -26"><span class='ocrx_word' id='word_1_8' title='bbox 335 499 392 570; x_wconf 86' lang='lat' dir='ltr'><strong>Ex</strong></span> <span class='ocrx_word' id='word_1_9' title='bbox 424 521 514 596; x_wconf 88' lang='lat' dir='ltr'><strong>quo,</strong></span> <span class='ocrx_word' id='word_1_10' title='bbox 546 492 642 594; x_wconf 88' lang='lat' dir='ltr'><strong>quod</strong></span> <span class='ocrx_word' id='word_1_11' title='bbox 673 457 772 564; x_wconf 83' lang='lat' dir='ltr'><strong>facile</strong></span> <span class='ocrx_word' id='word_1_12' title='bbox 803 489 948 587; x_wconf 78' lang='lat' dir='ltr'><strong>intelligi</strong></span> <span class='ocrx_word' id='word_1_13' title='bbox 983 489 1115 587; x_wconf 77' lang='lat' dir='ltr'><strong>possit,</strong></span> <span class='ocrx_word' id='word_1_14' title='bbox 1146 489 1184 560; x_wconf 90' lang='lat' dir='ltr'><strong>in</strong></span> <span class='ocrx_word' id='word_1_15' title='bbox 1221 487 1332 560; x_wconf 87' lang='lat' dir='ltr'><strong>multa</strong></span> 
     </span>
    </p>
   </div>
   <div class='ocr_carea' id='block_1_2' title="bbox 224 614 1332 714">
    <p class='ocr_par' dir='ltr' id='par_1_2' title="bbox 224 614 1332 714">
     <span class='ocr_line' id='line_1_3' title="bbox 224 614 1332 714; baseline -0.008 -19"><span class='ocrx_word' id='word_1_16' title='bbox 224 633 226 640; x_wconf 89' lang='lat'>&#39;</span> <span class='ocrx_word' id='word_1_17' title='bbox 336 620 666 695; x_wconf 84' lang='lat' dir='ltr'><strong>commemoratione</strong></span> <span class='ocrx_word' id='word_1_18' title='bbox 704 645 823 690; x_wconf 92' lang='lat' dir='ltr'><strong>earum</strong></span> <span class='ocrx_word' id='word_1_19' title='bbox 862 641 998 714; x_wconf 91' lang='lat' dir='ltr'><strong>rerum,</strong></span> <span class='ocrx_word' id='word_1_20' title='bbox 1031 640 1116 714; x_wconf 87' lang='lat' dir='ltr'><strong>quas</strong></span> <span class='ocrx_word' id='word_1_21' title='bbox 1148 614 1332 713; x_wconf 78' lang='lat' dir='ltr'><strong>gessimus,</strong></span> 
     </span>
    </p>
   </div>
   <div class='ocr_carea' id='block_1_3' title="bbox 336 747 1331 968">
    <p class='ocr_par' dir='ltr' id='par_1_3' title="bbox 336 747 1331 968">
     <span class='ocr_line' id='line_1_4' title="bbox 336 747 876 847; baseline -0.007 -28"><span class='ocrx_word' id='word_1_22' title='bbox 336 747 575 847; x_wconf 88' lang='lat' dir='ltr'><strong>desiderioque</strong></span> <span class='ocrx_word' id='word_1_23' title='bbox 599 769 787 819; x_wconf 85' lang='lat' dir='ltr'><strong>versamur.</strong></span> <span class='ocrx_word' id='word_1_24' title='bbox 874 783 876 790; x_wconf 31' lang='lat' dir='ltr'><strong>r</strong></span> 
     </span>
     <span class='ocr_line' id='line_1_5' title="bbox 383 867 1331 968; baseline -0.008 -24"><span class='ocrx_word' id='word_1_25' title='bbox 383 873 407 968; x_wconf 73' lang='grc'><em>4</em></span> <span class='ocrx_word' id='word_1_26' title='bbox 432 871 502 945; x_wconf 91' lang='lat' dir='ltr'><strong>Sed</strong></span> <span class='ocrx_word' id='word_1_27' title='bbox 518 871 667 962; x_wconf 76' lang='grc' dir='ltr'><em>βοώπιδος</em></span> <span class='ocrx_word' id='word_1_28' title='bbox 684 883 824 942; x_wconf 88' lang='lat' dir='ltr'><strong>nostrae</strong></span> <span class='ocrx_word' id='word_1_29' title='bbox 842 867 1147 964; x_wconf 83' lang='lat' dir='ltr'><strong>consanguineus²</strong></span> <span class='ocrx_word' id='word_1_30' title='bbox 1164 891 1238 937; x_wconf 89' lang='lat' dir='ltr'><strong>non</strong></span> <span class='ocrx_word' id='word_1_31' title='bbox 1257 889 1331 936; x_wconf 91' lang='lat' dir='ltr'><strong>me-</strong></span> 
     </span>
    </p>
   </div>
   <div class='ocr_carea' id='block_1_4' title="bbox 262 983 1333 1597">
    <p class='ocr_par' dir='ltr' id='par_1_4' title="bbox 262 983 1333 1597">
     <span class='ocr_line' id='line_1_6' title="bbox 334 983 1333 1096; baseline -0.006 -28"><span class='ocrx_word' id='word_1_32' title='bbox 334 997 469 1070; x_wconf 91' lang='lat' dir='ltr'><strong>diocres</strong></span> <span class='ocrx_word' id='word_1_33' title='bbox 495 983 643 1073; x_wconf 85' lang='lat' dir='ltr'><strong>terrores</strong></span> <span class='ocrx_word' id='word_1_34' title='bbox 668 998 751 1068; x_wconf 88' lang='lat' dir='ltr'><strong>iacit</strong></span> <span class='ocrx_word' id='word_1_35' title='bbox 776 1010 880 1096; x_wconf 80' lang='lat' dir='ltr'><strong>atque</strong></span> <span class='ocrx_word' id='word_1_36' title='bbox 902 991 1102 1091; x_wconf 88' lang='lat' dir='ltr'><strong>denuntiat,</strong></span> <span class='ocrx_word' id='word_1_37' title='bbox 1128 1005 1162 1064; x_wconf 90' lang='lat' dir='ltr'><strong>et</strong></span> <span class='ocrx_word' id='word_1_38' title='bbox 1180 991 1333 1092; x_wconf 90' lang='lat' dir='ltr'><strong>Sampsi-</strong></span> 
     </span>
     <span class='ocr_line' id='line_1_7' title="bbox 262 1118 1331 1222; baseline -0.003 -29"><span class='ocrx_word' id='word_1_39' title='bbox 262 1183 265 1192; x_wconf 89' lang='lat'>.</span> <span class='ocrx_word' id='word_1_40' title='bbox 334 1147 474 1194; x_wconf 88' lang='lat' dir='ltr'><strong>ceramo</strong></span> <span class='ocrx_word' id='word_1_41' title='bbox 506 1135 630 1222; x_wconf 73' lang='lat' dir='ltr'><strong>negat,</strong></span> <span class='ocrx_word' id='word_1_42' title='bbox 660 1123 783 1195; x_wconf 88' lang='lat' dir='ltr'><strong>ceteris</strong></span> <span class='ocrx_word' id='word_1_43' title='bbox 813 1145 898 1220; x_wconf 88' lang='lat' dir='ltr'><strong>prae</strong></span> <span class='ocrx_word' id='word_1_44' title='bbox 931 1145 968 1191; x_wconf 89' lang='lat' dir='ltr'><strong>se</strong></span> <span class='ocrx_word' id='word_1_45' title='bbox 999 1118 1066 1191; x_wconf 89' lang='lat' dir='ltr'><strong>sert</strong></span> <span class='ocrx_word' id='word_1_46' title='bbox 1100 1131 1136 1190; x_wconf 85' lang='lat' dir='ltr'><strong>et</strong></span> <span class='ocrx_word' id='word_1_47' title='bbox 1165 1132 1331 1192; x_wconf 86' lang='lat' dir='ltr'><strong>ostentat.</strong></span> 
     </span>
     <span class='ocr_line' id='line_1_8' title="bbox 332 1247 1332 1346; baseline 0 -28"><span class='ocrx_word' id='word_1_48' title='bbox 332 1247 588 1346; x_wconf 79' lang='lat' dir='ltr'><strong>Quamobrem,</strong></span> <span class='ocrx_word' id='word_1_49' title='bbox 604 1249 635 1319; x_wconf 93' lang='lat' dir='ltr'><strong>si</strong></span> <span class='ocrx_word' id='word_1_50' title='bbox 658 1273 716 1318; x_wconf 89' lang='lat' dir='ltr'><strong>me</strong></span> <span class='ocrx_word' id='word_1_51' title='bbox 749 1272 843 1319; x_wconf 87' lang='lat' dir='ltr'><strong>amas</strong></span> <span class='ocrx_word' id='word_1_52' title='bbox 869 1258 1024 1344; x_wconf 88' lang='lat' dir='ltr'><strong>tantum,</strong></span> <span class='ocrx_word' id='word_1_53' title='bbox 1047 1257 1218 1346; x_wconf 89' lang='lat' dir='ltr'><strong>quantum</strong></span> <span class='ocrx_word' id='word_1_54' title='bbox 1249 1271 1332 1344; x_wconf 90' lang='lat' dir='ltr'><strong>pro·</strong></span> 
     </span>
     <span class='ocr_line' id='line_1_9' title="bbox 330 1370 1331 1471; baseline -0.001 -28"><span class='ocrx_word' id='word_1_55' title='bbox 330 1370 422 1446; x_wconf 83' lang='lat' dir='ltr'><strong>fecto</strong></span> <span class='ocrx_word' id='word_1_56' title='bbox 448 1397 562 1470; x_wconf 71' lang='lat' dir='ltr'><strong>amas,</strong></span> <span class='ocrx_word' id='word_1_57' title='bbox 587 1374 616 1444; x_wconf 91' lang='lat' dir='ltr'><strong>si</strong></span> <span class='ocrx_word' id='word_1_58' title='bbox 642 1371 790 1471; x_wconf 90' lang='lat' dir='ltr'><strong>dormis,</strong></span> <span class='ocrx_word' id='word_1_59' title='bbox 815 1371 1070 1470; x_wconf 75' lang='lat' dir='ltr'><strong>expergiscere,</strong></span> <span class='ocrx_word' id='word_1_60' title='bbox 1101 1371 1130 1442; x_wconf 95' lang='lat' dir='ltr'><strong>si</strong></span> <span class='ocrx_word' id='word_1_61' title='bbox 1159 1383 1249 1469; x_wconf 88' lang='lat' dir='ltr'><strong>stas,</strong></span> <span class='ocrx_word' id='word_1_62' title='bbox 1276 1372 1331 1443; x_wconf 88' lang='lat' dir='ltr'><strong>in-</strong></span> 
     </span>
     <span class='ocr_line' id='line_1_10' title="bbox 331 1494 1330 1597; baseline -0.001 -29"><span class='ocrx_word' id='word_1_63' title='bbox 331 1498 490 1596; x_wconf 76' lang='lat' dir='ltr'><strong>gredere,</strong></span> <span class='ocrx_word' id='word_1_64' title='bbox 522 1499 551 1570; x_wconf 92' lang='lat' dir='ltr'><strong>si</strong></span> <span class='ocrx_word' id='word_1_65' title='bbox 582 1499 787 1597; x_wconf 88' lang='lat' dir='ltr'><strong>ingrederis,</strong></span> <span class='ocrx_word' id='word_1_66' title='bbox 822 1523 938 1596; x_wconf 75' lang='lat' dir='ltr'><strong>curre,</strong></span> <span class='ocrx_word' id='word_1_67' title='bbox 970 1498 999 1569; x_wconf 92' lang='lat' dir='ltr'><strong>si</strong></span> <span class='ocrx_word' id='word_1_68' title='bbox 1031 1497 1156 1595; x_wconf 91' lang='lat' dir='ltr'><strong>curris,</strong></span> <span class='ocrx_word' id='word_1_69' title='bbox 1190 1494 1330 1570; x_wconf 85' lang='lat' dir='ltr'><strong>advola.</strong></span> 
     </span>
    </p>
   </div>
   <div class='ocr_carea' id='block_1_5' title="bbox 329 1619 1373 1724">
    <p class='ocr_par' dir='ltr' id='par_1_5' title="bbox 329 1619 1373 1724">
     <span class='ocr_line' id='line_1_11' title="bbox 329 1619 1373 1724; baseline 0 -29"><span class='ocrx_word' id='word_1_70' title='bbox 329 1623 503 1696; x_wconf 87' lang='lat' dir='ltr'><strong>Credibile</strong></span> <span class='ocrx_word' id='word_1_71' title='bbox 535 1638 704 1724; x_wconf 89' lang='lat' dir='ltr'><strong>nonest,</strong></span> <span class='ocrx_word' id='word_1_72' title='bbox 736 1637 906 1724; x_wconf 88' lang='lat' dir='ltr'><strong>quantum</strong></span> <span class='ocrx_word' id='word_1_73' title='bbox 940 1648 1004 1722; x_wconf 92' lang='lat' dir='ltr'><strong>ego</strong></span> <span class='ocrx_word' id='word_1_74' title='bbox 1036 1624 1074 1694; x_wconf 89' lang='lat' dir='ltr'><strong>in</strong></span> <span class='ocrx_word' id='word_1_75' title='bbox 1106 1622 1258 1695; x_wconf 89' lang='lat' dir='ltr'><strong>consiliis</strong></span> <span class='ocrx_word' id='word_1_76' title='bbox 1291 1636 1330 1695; x_wconf 89' lang='lat' dir='ltr'><strong>et</strong></span> <span class='ocrx_word' id='word_1_77' title='bbox 1369 1619 1373 1626; x_wconf 81' lang='grc'>’</span> 
     </span>
    </p>
   </div>
   <div class='ocr_carea' id='block_1_6' title="bbox 287 1741 1329 2072">
    <p class='ocr_par' dir='ltr' id='par_1_6' title="bbox 287 1741 1329 2072">
     <span class='ocr_line' id='line_1_12' title="bbox 328 1741 1329 1848; baseline 0.002 -30"><span class='ocrx_word' id='word_1_78' title='bbox 328 1747 514 1844; x_wconf 85' lang='lat' dir='ltr'><strong>prudentia</strong></span> <span class='ocrx_word' id='word_1_79' title='bbox 540 1761 619 1847; x_wconf 92' lang='lat' dir='ltr'><strong>tua,</strong></span> <span class='ocrx_word' id='word_1_80' title='bbox 642 1741 745 1848; x_wconf 86' lang='lat' dir='ltr'><strong>quod¹</strong></span> <span class='ocrx_word' id='word_1_81' title='bbox 770 1749 960 1821; x_wconf 88' lang='lat' dir='ltr'><strong>maximum</strong></span> <span class='ocrx_word' id='word_1_82' title='bbox 991 1759 1061 1846; x_wconf 83' lang='lat' dir='ltr'><strong>est,</strong></span> <span class='ocrx_word' id='word_1_83' title='bbox 1093 1749 1329 1847; x_wconf 85' lang='lat' dir='ltr'><strong>quantumin</strong></span> 
     </span>
     <span class='ocr_line' id='line_1_13' title="bbox 329 1871 1328 1972; baseline 0.005 -32"><span class='ocrx_word' id='word_1_84' title='bbox 329 1896 447 1943; x_wconf 89' lang='lat' dir='ltr'><strong>amore</strong></span> <span class='ocrx_word' id='word_1_85' title='bbox 473 1887 508 1944; x_wconf 93' lang='lat' dir='ltr'><strong>et</strong></span> <span class='ocrx_word' id='word_1_86' title='bbox 532 1873 601 1946; x_wconf 92' lang='lat' dir='ltr'><strong>fide</strong></span> <span class='ocrx_word' id='word_1_87' title='bbox 626 1898 765 1972; x_wconf 87' lang='lat' dir='ltr'><strong>ponam.</strong></span> <span class='ocrx_word' id='word_1_88' title='bbox 792 1871 1000 1970; x_wconf 81' lang='lat' dir='ltr'><strong>Magnitudo</strong></span> <span class='ocrx_word' id='word_1_89' title='bbox 1025 1873 1075 1944; x_wconf 93' lang='lat' dir='ltr'><strong>rei</strong></span> <span class='ocrx_word' id='word_1_90' title='bbox 1090 1871 1234 1970; x_wconf 88' lang='lat' dir='ltr'><strong>longam</strong></span> <span class='ocrx_word' id='word_1_91' title='bbox 1250 1898 1328 1945; x_wconf 90' lang='lat' dir='ltr'><strong>ora-</strong></span> 
     </span>
     <span class='ocr_line' id='line_1_14' title="bbox 287 1995 1328 2072; baseline 0.008 -8"><span class='ocrx_word' id='word_1_92' title='bbox 287 2039 288 2044; x_wconf 40' lang='lat'>1</span> <span class='ocrx_word' id='word_1_93' title='bbox 327 1995 460 2070; x_wconf 88' lang='lat' dir='ltr'><strong>tionem</strong></span> <span class='ocrx_word' id='word_1_94' title='bbox 484 1997 628 2070; x_wconf 83' lang='lat' dir='ltr'><strong>fortasse</strong></span> <span class='ocrx_word' id='word_1_95' title='bbox 654 1998 841 2072; x_wconf 90' lang='lat' dir='ltr'><strong>desiderat:</strong></span> <span class='ocrx_word' id='word_1_96' title='bbox 867 1998 1068 2070; x_wconf 89' lang='lat' dir='ltr'><strong>coniunctio</strong></span> <span class='ocrx_word' id='word_1_97' title='bbox 1085 2023 1170 2072; x_wconf 86' lang='lat' dir='ltr'><strong>vero</strong></span> <span class='ocrx_word' id='word_1_98' title='bbox 1188 2013 1328 2072; x_wconf 90' lang='lat' dir='ltr'><strong>nostro-</strong></span> 
     </span>
    </p>
   </div>
   <div class='ocr_carea' id='block_1_7' title="bbox 326 2111 1380 2224">
    <p class='ocr_par' dir='ltr' id='par_1_7' title="bbox 326 2111 1380 2224">
     <span class='ocr_line' id='line_1_15' title="bbox 326 2111 1380 2224; baseline 0.007 -32"><span class='ocrx_word' id='word_1_99' title='bbox 326 2145 405 2192; x_wconf 87' lang='lat' dir='ltr'><strong>rum</strong></span> <span class='ocrx_word' id='word_1_100' title='bbox 429 2121 623 2195; x_wconf 83' lang='lat' dir='ltr'><strong>animorum</strong></span> <span class='ocrx_word' id='word_1_101' title='bbox 647 2124 819 2198; x_wconf 86' lang='lat' dir='ltr'><strong>brevitate</strong></span> <span class='ocrx_word' id='word_1_102' title='bbox 852 2137 1018 2196; x_wconf 86' lang='lat' dir='ltr'><strong>contenta</strong></span> <span class='ocrx_word' id='word_1_103' title='bbox 1045 2136 1105 2195; x_wconf 72' lang='lat' dir='ltr'><strong>est,</strong></span> <span class='ocrx_word' id='word_1_104' title='bbox 1137 2124 1340 2224; x_wconf 28' lang='lat' dir='ltr'><strong>Permagni,</strong></span> <span class='ocrx_word' id='word_1_105' title='bbox 1376 2111 1380 2120; x_wconf 41' lang='lat'>⁸</span> 
     </span>
    </p>
   </div>
   <div class='ocr_carea' id='block_1_8' title="bbox 325 2248 1326 2485">
    <p class='ocr_par' dir='ltr' id='par_1_8' title="bbox 325 2248 1326 2485">
     <span class='ocr_line' id='line_1_16' title="bbox 325 2248 1326 2350; baseline 0.011 -36"><span class='ocrx_word' id='word_1_106' title='bbox 325 2257 446 2319; x_wconf 88' lang='lat' dir='ltr'><strong>nostra</strong></span> <span class='ocrx_word' id='word_1_107' title='bbox 470 2248 631 2349; x_wconf 85' lang='lat' dir='ltr'><strong>interest,</strong></span> <span class='ocrx_word' id='word_1_108' title='bbox 656 2263 709 2350; x_wconf 88' lang='lat' dir='ltr'><strong>te,</strong></span> <span class='ocrx_word' id='word_1_109' title='bbox 734 2251 764 2323; x_wconf 92' lang='lat' dir='ltr'><strong>si</strong></span> <span class='ocrx_word' id='word_1_110' title='bbox 788 2251 939 2323; x_wconf 85' lang='lat' dir='ltr'><strong>comitiis</strong></span> <span class='ocrx_word' id='word_1_111' title='bbox 964 2261 1037 2324; x_wconf 87' lang='lat' dir='ltr'><strong>non</strong></span> <span class='ocrx_word' id='word_1_112' title='bbox 1069 2250 1244 2350; x_wconf 86' lang='lat' dir='ltr'><strong>potueris,</strong></span> <span class='ocrx_word' id='word_1_113' title='bbox 1269 2263 1326 2349; x_wconf 90' lang='lat' dir='ltr'><strong>at,</strong></span> 
     </span>
     <span class='ocr_line' id='line_1_17' title="bbox 326 2367 1243 2485; baseline 0.011 -45"><span class='ocrx_word' id='word_1_114' title='bbox 326 2367 500 2445; x_wconf 88' lang='lat' dir='ltr'><strong>declarato</strong></span> <span class='ocrx_word' id='word_1_115' title='bbox 525 2372 584 2446; x_wconf 92' lang='lat' dir='ltr'><strong>illo</strong></span> <span class='ocrx_word' id='word_1_116' title='bbox 602 2375 628 2473; x_wconf 76' lang='lat'><strong>³,</strong></span> <span class='ocrx_word' id='word_1_117' title='bbox 653 2401 727 2448; x_wconf 89' lang='lat' dir='ltr'><strong>esse</strong></span> <span class='ocrx_word' id='word_1_118' title='bbox 752 2375 891 2450; x_wconf 89' lang='lat' dir='ltr'><strong>Romae.</strong></span> <span class='ocrx_word' id='word_1_119' title='bbox 918 2375 1009 2450; x_wconf 90' lang='lat' dir='ltr'><strong>Cura</strong></span> <span class='ocrx_word' id='word_1_120' title='bbox 1016 2431 1027 2476; x_wconf 85' lang='lat'><strong>,</strong></span> <span class='ocrx_word' id='word_1_121' title='bbox 1050 2389 1091 2448; x_wconf 91' lang='lat' dir='ltr'><strong>ut</strong></span> <span class='ocrx_word' id='word_1_122' title='bbox 1112 2374 1243 2485; x_wconf 76' lang='lat' dir='ltr'><strong>valeas.</strong></span> 
     </span>
    </p>
   </div>
   <div class='ocr_carea' id='block_1_9' title="bbox 824 2613 1300 2721">
    <p class='ocr_par' dir='ltr' id='par_1_9' title="bbox 824 2613 1300 2721">
     <span class='ocr_line' id='line_1_18' title="bbox 824 2613 1300 2721; baseline 0.006 -28"><span class='ocrx_word' id='word_1_123' title='bbox 824 2613 863 2683; x_wconf 75' lang='lat' dir='ltr'><strong>L·</strong></span> <span class='ocrx_word' id='word_1_124' title='bbox 1071 2649 1187 2721; x_wconf 20' lang='lat' dir='ltr'><strong>(aaran.</strong></span> <span class='ocrx_word' id='word_1_125' title='bbox 1202 2649 1300 2710; x_wconf 72' lang='lat' dir='ltr'><strong>u,24)</strong></span> 
     </span>
    </p>
   </div>
   <div class='ocr_carea' id='block_1_10' title="bbox 248 2763 1371 2868">
    <p class='ocr_par' dir='ltr' id='par_1_10' title="bbox 248 2763 1371 2868">
     <span class='ocr_line' id='line_1_19' title="bbox 248 2763 1371 2868; baseline 0.009 -29"><span class='ocrx_word' id='word_1_126' title='bbox 248 2850 252 2857; x_wconf 28' lang='grc' dir='ltr'>Ι</span> <span class='ocrx_word' id='word_1_127' title='bbox 302 2778 539 2859; x_wconf 68' lang='lat' dir='ltr'><strong>‘Argumentum</strong></span> <span class='ocrx_word' id='word_1_128' title='bbox 567 2804 578 2843; x_wconf 86' lang='lat'>1</span> <span class='ocrx_word' id='word_1_129' title='bbox 602 2785 752 2858; x_wconf 82' lang='lat' dir='ltr'><strong>Atticum,</strong></span> <span class='ocrx_word' id='word_1_130' title='bbox 771 2795 806 2844; x_wconf 89' lang='lat' dir='ltr'><strong>ut</strong></span> <span class='ocrx_word' id='word_1_131' title='bbox 825 2806 894 2847; x_wconf 88' lang='lat' dir='ltr'><strong>mox</strong></span> <span class='ocrx_word' id='word_1_132' title='bbox 914 2785 1045 2845; x_wconf 87' lang='lat' dir='ltr'><strong>Romam</strong></span> <span class='ocrx_word' id='word_1_133' title='bbox 1072 2784 1192 2857; x_wconf 84' lang='lat' dir='ltr'><strong>redeat,</strong></span> <span class='ocrx_word' id='word_1_134' title='bbox 1218 2798 1325 2868; x_wconf 76' lang='lat' dir='ltr'><strong>rogat3</strong></span> <span class='ocrx_word' id='word_1_135' title='bbox 1370 2763 1371 2766; x_wconf 8' lang='grc' dir='ltr'><strong>Ἴ</strong></span> 
     </span>
    </p>
   </div>
   <div class='ocr_carea' id='block_1_11' title="bbox 284 2887 1322 3294">
    <p class='ocr_par' dir='ltr' id='par_1_11' title="bbox 284 2887 1322 3294">
     <span class='ocr_line' id='line_1_20' title="bbox 361 2887 1321 2976; baseline 0.006 -30"><span class='ocrx_word' id='word_1_136' title='bbox 361 2887 502 2948; x_wconf 78' lang='lat' dir='ltr'><strong>anarra&#39;t</strong></span> <span class='ocrx_word' id='word_1_137' title='bbox 527 2889 600 2970; x_wconf 90' lang='lat' dir='ltr'><strong>quid</strong></span> <span class='ocrx_word' id='word_1_138' title='bbox 628 2900 729 2953; x_wconf 81' lang='lat' dir='ltr'><strong>actum</strong></span> <span class='ocrx_word' id='word_1_139' title='bbox 756 2893 793 2952; x_wconf 87' lang='lat' dir='ltr'><strong>sit</strong></span> <span class='ocrx_word' id='word_1_140' title='bbox 819 2891 856 2952; x_wconf 96' lang='lat' dir='ltr'><strong>de</strong></span> <span class='ocrx_word' id='word_1_141' title='bbox 877 2890 971 2952; x_wconf 88' lang='lat' dir='ltr'><strong>Vettii</strong></span> <span class='ocrx_word' id='word_1_142' title='bbox 991 2889 1115 2950; x_wconf 89' lang='lat' dir='ltr'><strong>consilio</strong></span> <span class='ocrx_word' id='word_1_143' title='bbox 1135 2889 1321 2976; x_wconf 88' lang='lat' dir='ltr'><strong>Pompeium</strong></span> 
     </span>
     <span class='ocr_line' id='line_1_21' title="bbox 359 2989 1322 3078; baseline 0.008 -30"><span class='ocrx_word' id='word_1_144' title='bbox 359 2989 531 3078; x_wconf 80' lang='lat' dir='ltr'><strong>decidendi,</strong></span> <span class='ocrx_word' id='word_1_145' title='bbox 557 2995 838 3078; x_wconf 86' lang='lat' dir='ltr'><strong>suspicionibusque</strong></span> <span class='ocrx_word' id='word_1_146' title='bbox 870 2995 961 3058; x_wconf 90' lang='lat' dir='ltr'><strong>huius</strong></span> <span class='ocrx_word' id='word_1_147' title='bbox 992 2997 1133 3057; x_wconf 83' lang='lat' dir='ltr'><strong>facinoris</strong></span> <span class='ocrx_word' id='word_1_148' title='bbox 1160 2994 1200 3058; x_wconf 81' lang='lat' dir='ltr'><strong>ab</strong></span> <span class='ocrx_word' id='word_1_149' title='bbox 1226 3018 1262 3056; x_wconf 90' lang='lat' dir='ltr'><strong>eo</strong></span> <span class='ocrx_word' id='word_1_150' title='bbox 1286 3000 1322 3060; x_wconf 88' lang='lat' dir='ltr'><strong>in</strong></span> 
     </span>
     <span class='ocr_line' id='line_1_22' title="bbox 284 3094 1322 3186; baseline 0.014 -36"><span class='ocrx_word' id='word_1_151' title='bbox 284 3113 288 3121; x_wconf 94' lang='lat'>·</span> <span class='ocrx_word' id='word_1_152' title='bbox 358 3094 432 3155; x_wconf 88' lang='lat' dir='ltr'><strong>alios</strong></span> <span class='ocrx_word' id='word_1_153' title='bbox 453 3103 608 3178; x_wconf 75' lang='lat' dir='ltr'><strong>coniectis3</strong></span> <span class='ocrx_word' id='word_1_154' title='bbox 623 3101 641 3162; x_wconf 80' lang='lat'>3</span> <span class='ocrx_word' id='word_1_155' title='bbox 656 3105 798 3163; x_wconf 91' lang='lat' dir='ltr'><strong>miserum</strong></span> <span class='ocrx_word' id='word_1_156' title='bbox 813 3123 914 3162; x_wconf 90' lang='lat' dir='ltr'><strong>rerum</strong></span> <span class='ocrx_word' id='word_1_157' title='bbox 928 3113 1041 3163; x_wconf 88' lang='lat' dir='ltr'><strong>statum</strong></span> <span class='ocrx_word' id='word_1_158' title='bbox 1062 3101 1216 3186; x_wconf 80' lang='lat' dir='ltr'><strong>deplorat3</strong></span> <span class='ocrx_word' id='word_1_159' title='bbox 1230 3104 1252 3182; x_wconf 76' lang='grc'>4</span> <span class='ocrx_word' id='word_1_160' title='bbox 1264 3104 1322 3165; x_wconf 86' lang='lat' dir='ltr'><strong>ite-</strong></span> 
     </span>
     <span class='ocr_line' id='line_1_23' title="bbox 358 3205 1168 3294; baseline 0.011 -37"><span class='ocrx_word' id='word_1_161' title='bbox 358 3219 427 3260; x_wconf 85' lang='lat' dir='ltr'><strong>rum</strong></span> <span class='ocrx_word' id='word_1_162' title='bbox 448 3205 597 3279; x_wconf 81' lang='lat' dir='ltr'><strong>Atticum,</strong></span> <span class='ocrx_word' id='word_1_163' title='bbox 617 3219 652 3269; x_wconf 91' lang='lat' dir='ltr'><strong>ut</strong></span> <span class='ocrx_word' id='word_1_164' title='bbox 672 3211 898 3294; x_wconf 88' lang='lat' dir='ltr'><strong>quamprimum</strong></span> <span class='ocrx_word' id='word_1_165' title='bbox 919 3205 1055 3280; x_wconf 88' lang='lat' dir='ltr'><strong>advolet,</strong></span> <span class='ocrx_word' id='word_1_166' title='bbox 1075 3217 1168 3289; x_wconf 86' lang='lat' dir='ltr'><strong>rogat.</strong></span> 
     </span>
    </p>
   </div>
   <div class='ocr_carea' id='block_1_12' title="bbox 492 3381 1129 3442">
    <p class='ocr_par' dir='ltr' id='par_1_12' title="bbox 492 3381 1129 3442">
     <span class='ocr_line' id='line_1_24' title="bbox 492 3381 1129 3442; baseline 0.016 -10"><span class='ocrx_word' id='word_1_167' title='bbox 492 3381 544 3436; x_wconf 82' lang='lat' dir='ltr'><strong>Sor.</strong></span> <span class='ocrx_word' id='word_1_168' title='bbox 564 3386 657 3441; x_wconf 81' lang='lat' dir='ltr'><strong>Romae</strong></span> <span class='ocrx_word' id='word_1_169' title='bbox 676 3389 709 3440; x_wconf 84' lang='grc' dir='ltr'><strong>Δ.</strong></span> <span class='ocrx_word' id='word_1_170' title='bbox 727 3386 761 3439; x_wconf 89' lang='lat' dir='ltr'><strong>V.</strong></span> <span class='ocrx_word' id='word_1_171' title='bbox 780 3387 809 3440; x_wconf 90' lang='lat' dir='ltr'><strong>C.</strong></span> <span class='ocrx_word' id='word_1_172' title='bbox 826 3383 958 3442; x_wconf 79' lang='lat' dir='ltr'>DCXOEV</span> <span class='ocrx_word' id='word_1_173' title='bbox 974 3405 1043 3442; x_wconf 86' lang='lat' dir='ltr'><strong>men.</strong></span> <span class='ocrx_word' id='word_1_174' title='bbox 1059 3387 1129 3442; x_wconf 80' lang='lat' dir='ltr'><strong>Sext.</strong></span> 
     </span>
    </p>
   </div>
   <div class='ocr_carea' id='block_1_13' title="bbox 535 3546 1000 3626">
    <p class='ocr_par' dir='ltr' id='par_1_13' title="bbox 535 3546 1000 3626">
     <span class='ocr_line' id='line_1_25' title="bbox 535 3546 1000 3626; baseline -0.002 -2"><span class='ocrx_word' id='word_1_175' title='bbox 535 3546 539 3552; x_wconf 41' lang='lat'><strong>¹</strong></span> <span class='ocrx_word' id='word_1_176' title='bbox 626 3557 770 3625; x_wconf 85' lang='lat' dir='ltr'>CICERO</span> <span class='ocrx_word' id='word_1_177' title='bbox 794 3559 944 3625; x_wconf 83' lang='lat' dir='ltr'><strong>ATTICO</strong></span> <span class='ocrx_word' id='word_1_178' title='bbox 969 3561 1000 3626; x_wconf 84' lang='lat' dir='ltr'><strong>S.</strong></span> 
     </span>
    </p>
   </div>
   <div class='ocr_carea' id='block_1_14' title="bbox 311 3739 1313 3975">
    <p class='ocr_par' dir='ltr' id='par_1_14' title="bbox 311 3739 1313 3975">
     <span class='ocr_line' id='line_1_26' title="bbox 366 3739 1310 3845; baseline 0.018 -39"><span class='ocrx_word' id='word_1_179' title='bbox 366 3762 378 3806; x_wconf 91' lang='lat'>1</span> <span class='ocrx_word' id='word_1_180' title='bbox 410 3739 506 3831; x_wconf 89' lang='lat' dir='ltr'><strong>Quas</strong></span> <span class='ocrx_word' id='word_1_181' title='bbox 532 3744 711 3818; x_wconf 85' lang='lat' dir='ltr'><strong>Numestio</strong></span> <span class='ocrx_word' id='word_1_182' title='bbox 736 3745 853 3820; x_wconf 86' lang='lat' dir='ltr'><strong>literas</strong></span> <span class='ocrx_word' id='word_1_183' title='bbox 879 3745 976 3845; x_wconf 90' lang='lat' dir='ltr'><strong>dedi,</strong></span> <span class='ocrx_word' id='word_1_184' title='bbox 1002 3747 1051 3819; x_wconf 93' lang='lat' dir='ltr'><strong>sic</strong></span> <span class='ocrx_word' id='word_1_185' title='bbox 1076 3761 1112 3819; x_wconf 91' lang='lat' dir='ltr'><strong>te</strong></span> <span class='ocrx_word' id='word_1_186' title='bbox 1144 3747 1186 3819; x_wconf 92' lang='lat' dir='ltr'><strong>iis</strong></span> <span class='ocrx_word' id='word_1_187' title='bbox 1219 3773 1310 3823; x_wconf 86' lang='lat' dir='ltr'><strong>evo·</strong></span> 
     </span>
     <span class='ocr_line' id='line_1_27' title="bbox 311 3856 1313 3975; baseline 0.021 -49"><span class='ocrx_word' id='word_1_188' title='bbox 311 3856 448 3963; x_wconf 77' lang='lat' dir='ltr'><strong>cubam,</strong></span> <span class='ocrx_word' id='word_1_189' title='bbox 465 3881 504 3940; x_wconf 89' lang='lat' dir='ltr'><strong>ut</strong></span> <span class='ocrx_word' id='word_1_190' title='bbox 529 3869 616 3945; x_wconf 88' lang='lat' dir='ltr'><strong>nihil</strong></span> <span class='ocrx_word' id='word_1_191' title='bbox 641 3873 768 3972; x_wconf 87' lang='lat' dir='ltr'><strong>aerius,</strong></span> <span class='ocrx_word' id='word_1_192' title='bbox 793 3897 906 3974; x_wconf 85' lang='lat' dir='ltr'><strong>neque</strong></span> <span class='ocrx_word' id='word_1_193' title='bbox 931 3871 1109 3948; x_wconf 87' lang='lat' dir='ltr'><strong>incitatius</strong></span> <span class='ocrx_word' id='word_1_194' title='bbox 1126 3874 1203 3950; x_wconf 90' lang='lat' dir='ltr'><strong>fieri</strong></span> <span class='ocrx_word' id='word_1_195' title='bbox 1224 3898 1313 3975; x_wconf 88' lang='lat' dir='ltr'><strong>pos·-</strong></span> 
     </span>
    </p>
   </div>
   <div class='ocr_carea' id='block_1_15' title="bbox 0 0 1466 5002">
    <p class='ocr_par' dir='ltr' id='par_1_15' title="bbox 0 0 1466 5002">
     <span class='ocr_line' id='line_1_28' title="bbox 0 0 1466 5002; baseline 0 1"><span class='ocrx_word' id='word_1_196' title='bbox 0 0 1466 5002; x_wconf 95' lang='lat' dir='ltr'><strong> </strong></span> 
     </span>
    </p>
   </div>
  </div>
 </body>
</html>
