2834 5012
678 494 849 548 uetsrots
874 497 946 546 xtv.
1097 491 1127 540 ll.
1145 493 1179 540 V.
1197 494 1225 540 C·
1243 492 1292 542 691

562 701 615 754 Ser.
645 699 743 752 Romae
771 698 802 752 Δ.
833 697 867 751 V.
897 696 926 750 C.
956 695 1069 750 DCXCl.

617 900 663 964 n.
688 899 725 961 r.
748 898 791 962 n.
815 897 847 962 r.
872 895 1016 962 cresso

775 1015 808 1080 s.
830 1014 870 1080 n.

445 1141 482 1220 Q.
506 1133 702 1201 sternuto
726 1133 766 1213 o.
790 1133 823 1200 r.
846 1129 1007 1220 esuum,
1029 1131 1196 1204 ruocos.

378 1383 390 1428 ι
421 1354 454 1426 S.
481 1352 522 1425 T.
547 1353 588 1426 E.
614 1350 657 1442 Q.
684 1347 728 1420 V.
753 1350 793 1422 B.
817 1349 860 1422 E
885 1347 1014 1422 Scribis
1039 1347 1086 1420 ad
1109 1353 1323 1450 mussen-

323 1483 500 1577 stimesse,
523 1502 591 1577 pro
616 1489 742 1550 mutuo
767 1475 859 1549 inter
882 1500 948 1548 nos
974 1474 1110 1574 trumo,
1126 1488 1162 1548 et
1181 1499 1249 1575 pro
1272 1501 1324 1550 re

323 1603 508 1682 conciliata
535 1603 660 1702 gratia,
685 1624 878 1703 numquam
904 1615 939 1674 te
963 1627 985 1673 a
1010 1626 1067 1674 me
1086 1601 1239 1675 ludibrio
1256 1602 1325 1676 lae·

323 1761 401 1808 sum
425 1734 475 1806 iri.
502 1731 610 1824 Quod
636 1728 832 1818 cuiusmodi
857 1729 916 1828 sit,
933 1719 1017 1802 satis
1041 1725 1232 1827 intelligere
1250 1755 1324 1803 non

322 1887 481 1963 possum,
506 1857 569 1933 secl
593 1871 711 1930 tamen
738 1855 915 1958 suspicor,
938 1854 984 1929 ad
1009 1869 1044 1928 te
1070 1882 1144 1928 esse
1163 1855 1325 1956 allatum,

322 2014 397 2086 me,
421 1988 457 2059 in
483 2000 605 2059 senatu
631 2007 740 2086 quum
766 1980 1000 2084 disputarem,
1015 1981 1211 2082 permultos
1229 2009 1323 2083 esse,

323 2116 382 2215 qui
409 2111 662 2213 rempublicam
688 2138 709 2184 a
734 2137 790 2183 me
816 2123 1059 2184 conservatam
1076 2108 1255 2210 dolerent,
1276 2109 1327 2184 di-

323 2240 430 2314 xisse:
457 2265 478 2312 a
503 2253 538 2312 te
562 2238 781 2339 propinquos
808 2251 905 2335 tuos,
938 2236 1065 2338 quibus
1096 2262 1223 2334 negare
1252 2262 1326 2311 non

323 2365 519 2465 potuisses,
543 2364 767 2464 impetrasse,
795 2377 836 2434 ut
860 2387 917 2462 ea,
943 2387 1032 2464 quae
1057 2363 1236 2436 statuisses
1264 2363 1326 2437 tibi

323 2491 360 2562 in
386 2503 507 2562 senatu
535 2489 578 2561 de
604 2515 681 2562 mea
705 2487 810 2562 laude
836 2513 911 2560 esse
937 2486 1085 2560 dicenda
1106 2503 1130 2586 ¹,
1153 2488 1325 2562 reticeres.

324 2614 434 2707 Quod
460 2642 566 2718 quum
593 2613 763 2714 dicerem,
787 2613 1058 2685 illudediunxi:
1090 2613 1177 2685 milri
1208 2629 1325 2688 tecum

323 2741 372 2812 ita
399 2741 620 2842 dispertitum
634 2745 653 2789 '²
679 2741 835 2814 officium
867 2737 971 2810 luisse
1003 2739 1040 2810 in
1078 2739 1126 2810 rei
1163 2739 1326 2839 publicae

326 2865 437 2938 salute
462 2866 659 2966 retinenda,
692 2882 735 2938 ut
760 2891 824 2966 ego
850 2865 974 2938 urbem
999 2892 1019 2937 a
1045 2865 1248 2940 domesticis
1273 2869 1328 2940 in·

325 2989 422 3063 sidiis
448 3004 483 3063 et
509 2990 552 3063 ab
584 2993 752 3064 intestino
790 2989 955 3091 scelere,
978 3005 1018 3064 tu
1045 2973 1187 3064 ‘Italiam
1219 3007 1257 3066 et
1282 2993 1324 3068 ab

326 3117 467 3188 armatis
492 3115 652 3189 hostibus
678 3130 715 3188 ct
739 3117 784 3189 eb
807 3116 949 3190 occtrlta
986 3117 1228 3190 coniuratione
1266 3119 1326 3191 de-

326 3240 501 3314 fenderes:
527 3253 631 3346 atque
657 3239 748 3318 hant
775 3257 931 3316 nostram
955 3237 1061 3343 t'a‘uti,
1079 3255 1204 3316 ettam
1228 3271 1327 3345 prae
1406 3335 1407 3344 ἵ

327 3365 412 3440 clari
434 3370 587 3442 muneris
612 3371 834 3469 societatem,
858 3395 878 3442 a
904 3359 973 3443 tuis
995 3371 1205 3471 propinquis
1230 3370 1324 3444 labe·
1406 3349 1407 3360 ἵ

327 3492 534 3594 lactatam³3
551 3497 629 3598 qui,
648 3521 757 3599 quum
782 3511 821 3569 tu
847 3521 867 3569 a
892 3517 949 3568 me
973 3495 1078 3569 rebus
1104 3496 1326 3597 amplissimis

228 3647 230 3652 ’
328 3631 432 3720 atque
470 3619 828 3696 honorificentissimis
867 3636 1010 3696 ornatus
1048 3648 1139 3695 esses
1151 3679 1162 3721 ,
1191 3622 1326 3696 timuis-

328 3758 422 3844 sent,
445 3773 490 3819 ne
515 3776 581 3849 qua
609 3749 694 3822 mibi
718 3776 801 3850 pars
826 3748 888 3822 ebs
915 3762 949 3822 te
966 3747 1159 3822 voluntatis
1184 3763 1325 3822 mutuae

329 3870 536 3946 tribueretur
548 3873 573 3946 4.
600 3875 679 3949 Ηοο
696 3877 734 3948 in
751 3901 910 3948 sermone
936 3901 1043 3974 quum
1062 3901 1081 3946 a
1099 3901 1155 3946 me
1173 3899 1325 3975 expone·
1404 3921 1405 3948 ÷

329 4011 440 4098 retur,
466 4029 554 4102 quae
579 4029 656 4075 mea
675 4002 890 4103 exspectatio
907 4000 1028 4074 luisset
1044 4001 1211 4075 orationis
1230 4016 1325 4097 tuae,
