3002 5004
499 337 502 344 '
571 361 609 407 tn
634 356 824 409 mrsroms

653 567 737 628 VIII.

200 803 210 841 ι
237 782 356 842 Festive
380 782 497 840 iocatur
524 780 622 844 auiam
651 789 804 840 mortuam
832 799 897 839 esse
922 777 1070 841 desiderio
1090 782 1194 856 Attici,

236 889 289 970 qui
311 885 426 948 tamdiu
447 887 545 946 Roma
566 889 693 976 oberat?
707 897 738 945 et
758 885 848 946 simui
868 885 951 968 quod
970 889 1065 948 verite
1085 891 1137 962 sit,
1156 911 1195 950 ne

235 995 361 1054 Latinae
381 992 523 1054 muiieres
543 995 575 1052 in
595 1003 731 1053 montem
752 991 905 1052 Albanum
925 992 1038 1054 hostias
1058 1015 1119 1056 non
1139 996 1194 1056 ed-

233 1099 388 1160 ducerent.
408 1100 454 1159 De
468 1101 583 1160 Latinis
604 1100 685 1160 feriis
706 1099 796 1182 piura
811 1100 929 1173 Varro,
948 1100 1053 1162 Livius
1074 1112 1104 1162 et
1123 1103 1195 1162 Dio-

234 1209 347 1288 nysius.
369 1205 494 1289 Popmo.
514 1206 585 1267 Vid.
607 1205 671 1266 Ind.
693 1207 791 1273 Latin.

193 1333 212 1372 n
233 1313 274 1395 Et
294 1312 353 1374 hoc
373 1333 429 1396 per
449 1315 549 1374 iocum
570 1312 652 1374 dixit.
682 1312 819 1374 Saufeius
840 1324 905 1374 erat
931 1325 962 1374 et
989 1316 1053 1395 ipse
1079 1312 1194 1396 Epicu-

233 1440 317 1492 reus,
330 1430 365 1479 ut
378 1421 501 1480 Atticus.
521 1419 745 1508 Epicureorum
759 1431 877 1493 nutem,
897 1440 1029 1503 quorum
1050 1423 1195 1482 sententie

232 1524 309 1586 nihii
329 1538 397 1608 post
415 1537 545 1588 mortem
559 1527 710 1609 reliquum
725 1538 804 1599 erat,
823 1548 923 1609 neque
936 1527 1077 1610 voluptas
1096 1547 1195 1609 neque

232 1632 337 1705 dolor,
358 1613 575 1695 cbnsolationes
595 1634 811 1695 nullaeerant.

192 1741 210 1799 3
230 1719 340 1802 Modus
360 1739 533 1802 blandiendi
555 1741 592 1802 de
612 1751 749 1824 tempore
769 1743 918 1823 praesenti
941 1741 988 1802 vel
1011 1741 1196 1824 praeterito3

231 1850 255 1906 si
276 1847 414 1908 futurum
436 1849 570 1930 respicit,
591 1849 699 1910 artabo
720 1859 893 1932 usurpatur.

191 1953 212 2030 4
231 1955 265 2013 L.
286 1955 432 2030 Luccei03
453 1975 501 2038 ep.-
521 1975 627 2038 super,
654 1977 678 2014 r.

190 2059 212 2119 5
231 2059 318 2122 Amb.
344 2082 354 2120 r
378 2061 514 2122 olienoto
533 2097 573 2109 --
596 2061 711 2144 Quibus
730 2061 768 2122 do
781 2062 1008 2144 suspicionibus,
1025 2059 1106 2133 scii,
1125 2080 1195 2142 pro-

217 2165 299 2250 'pter
320 2185 395 2248 quas
416 2169 609 2250 suspiciones.
1151 2232 1156 2242 .

191 2272 309 2335 6Edd.
331 2272 448 2356 aliquot
468 2285 539 2335 vett.
565 2295 635 2334 cum
657 2274 734 2334 Aldo
763 2286 793 2334 et
819 2273 925 2334 Lemb.
952 2275 1008 2334 boc
1033 2294 1069 2334 eo
1098 2271 1141 2334 ad
1169 2285 1196 2331 te

231 2383 352 2463 scnpsi,
370 2380 458 2464 quod.
481 2382 562 2442 Tum
583 2381 650 2443 edd.
671 2383 787 2464 pariter
805 2390 876 2441 vett.
903 2381 928 2440 is
941 2401 987 2440 me
1005 2399 1146 2440 accusare
1157 2377 1196 2438 de

234 2500 262 2546 te
281 2485 400 2548 solebat.
420 2488 460 2548 In
479 2470 510 2549 se
530 2479 749 2572 experlusos13
770 2486 839 2561 ubi,
859 2497 895 2547 ut
914 2486 1100 2568 intelligatur
1128 2484 1195 2546 sat-

233 2592 354 2666 iustius‚
375 2595 423 2656 vel
444 2596 655 2678 corrigendum
676 2605 721 2655 est
741 2595 787 2654 bic
809 2615 855 2654 me
868 2613 1023 2666 accusare,
1043 2591 1091 2652 vei
1104 2590 1195 2652 eden-

233 2700 306 2760 dum
328 2721 398 2760 oum
418 2701 526 2762 Lamb.
546 2703 570 2762 is
590 2705 642 2786 qui
660 2723 705 2763 me
724 2721 753 2763 o.
767 2701 796 2762 d.
812 2715 831 2762 t.
844 2701 973 2773 solebat,
992 2709 1195 2781 expertuscst.

234 2807 293 2867 Nos
313 2805 472 2869 lectionem
496 2807 608 2870 Oliveti
627 2812 836 2893 expressimus.
856 2807 960 2889 Vulgo
974 2805 1058 2867 abest
1076 2806 1127 2866 At.
1149 2803 1196 2862 De

236 2923 263 2972 te
283 2915 326 2973 est
346 2912 429 2995 apud
449 2926 493 2988 te,
513 2915 596 2995 quod
610 2915 796 2976 scilicettibi
811 2915 975 2975 Lucceium
994 2912 1114 2995 placare
1134 2931 1195 2972 non

234 2999 394 3102 potuerim.
416 3021 498 3080 Tum
518 3021 601 3082 illum
621 3023 716 3084 minus
729 3023 911 3084 exorabilem
924 3021 1054 3081 refertur
1067 3017 1106 3078 ad
1118 3019 1196 3077 Luc-

238 3147 344 3187 cerum.

673 3341 724 3400 IX.

183 3557 210 3609 'r
236 3549 324 3611 Amb.
350 3573 360 3612 r
385 3563 416 3613 et
436 3552 503 3613 edd.
525 3563 597 3613 vett.
617 3554 718 3613 sentr'o.

196 3657 355 3735 2Quibus
383 3659 564 3720 aedilitatem
591 3658 723 3741 petebat.
753 3657 870 3719 Mauso.
902 3658 984 3718 Infra
1012 3658 1103 3718 Ilerv.
1132 3677 1197 3718 eom

120 3848 123 3854 1
237 3784 297 3824 rem
318 3766 475 3846 transigere

198 3870 216 3928 3
239 3869 320 3932 Haec
333 3871 477 3932 Cicerone
488 3881 628 3954 praetore
639 3881 813 3944 evenerunt,
825 3882 860 3932 ut
872 3869 1042 3963 habeival·
1054 3869 1131 3932 Max.
1144 3869 1198 3941 tx,
