2882 5002
353 371 418 442 108
701 383 980 440 arrarum-xxa.
1117 388 1313 454 nnuma

347 491 548 590 commoda,
573 491 645 562 sive
671 490 772 588 vitia,
804 490 879 564 sive
909 489 1051 570 iniurias
1082 515 1159 563 esse
1192 492 1341 582 toleran-¹

315 665 319 672 ·
346 621 424 720 das3
442 617 540 691 facile
556 617 657 720 haee,
674 614 971 717 quemadmodum
988 641 1109 716 spero,
1134 618 1340 717 mitigabun-

344 760 409 819 tur.
437 744 545 838 Quod
570 743 650 841 ego,
674 755 715 814 ut
731 743 855 840 facias,
882 757 916 814 te
941 765 1005 815 oro
1023 759 1048 814 9.
1073 741 1165 816 Nam
1193 744 1243 816 ad
1267 771 1341 844 me,
1432 837 1433 848 ἵ

344 874 404 974 qui
428 886 463 944 te
494 872 596 970 unice
627 869 751 968 diligo,
779 869 928 942 maxime
960 851 1130 968 pertinet,
1160 871 1340 943 neminem

343 1019 417 1072 esse
442 1023 618 1096 meorum,
643 995 703 1097 qui
728 981 848 1067 aut'te
876 1021 949 1068 non
982 1009 1092 1094 amet,
1112 979 1185 1068 'aut
1217 995 1280 1070 ahs
1307 1009 1341 1069 te

341 1149 414 1201 non
440 1137 582 1196 ametur.

392 1248 502 1321 allia
524 1273 608 1348 pars
634 1246 804 1346 epistolae
839 1258 919 1320 tuae
951 1246 1094 1319 minime
1127 1245 1192 1318 fuit
1217 1272 1343 1320 neces·
1432 1235 1433 1240 ¹

340 1375 445 1472 saria,
469 1375 506 1446 in
531 1400 600 1474 qua
625 1374 789 1473 exponis,
814 1399 900 1473 quas
917 1365 1098 1446 facultates
1116 1386 1177 1446 aut
1193 1374 1340 1472 provin·

340 1499 498 1599 delium,
538 1513 599 1573 aut
634 1499 849 1574 urbanorum
889 1497 1156 1583 commodorum
1191 1512 1227 1570 et
1264 1498 1341 1572 aliis

338 1617 571 1726 temporibus,
606 1638 642 1697 et
666 1651 723 1698 me
751 1612 845 1725 ipso'
867 1625 1025 1724 consule,
1057 1625 1341 1725 praetermiseris.

337 1730 545 1852 Mihil‘enim
576 1765 761 1852 perspecta
786 1765 839 1824 est
867 1751 1064 1850 ingenuitas
1083 1767 1112 1801 ¹⁰
1140 1764 1175 1823 et
1207 1752 1342 1850 magni·

337 1878 424 1950 tudo
462 1878 567 1951 animi
600 1879 674 1976 tui3
707 1863 819 1978 neque
854 1869 919 1976 ego
952 1857 1053 1972 inser,
1067 1903 1131 1972 'me
1164 1889 1268 1978 atque
1304 1891 1341 1949 te

336 2004 524 2104 quicquam
547 2003 715 2078 iuteresse
741 2028 908 2105 umquam
934 2003 1033 2102 duxi,
1059 2016 1197 2102 praeter
1214 2001 1341 2076 voluu-

335 2141 445 2200 tatem
469 2129 651 2202 institutae
675 2130 787 2203 vitae:
813 2130 909 2230 quod
927 2157 984 2204 me
1002 2129 1146 2216 ambitio
1164 2130 1341 2230 quaedam

336 2252 382 2326 ad
405 2254 580 2328 honorum
606 2255 760 2327 studium
768 2313 778 2356 7
812 2270 847 2328 te
873 2253 994 2329 autem
1016 2253 1082 2327 alia
1111 2256 1255 2327 minime
1282 2282 1340 2329 re·
1432 2263 1433 2268 ’

334 2379 540 2480 prendenda
564 2383 654 2454 ratio
680 2381 726 2454 ad
750 2381 938 2455 honestum
964 2383 1076 2455 otium
1103 2381 1211 2454 duxit.
1240 2381 1341 2454 Vera

335 2504 476 2604 quidem
508 2507 610 2580 laude
645 2508 851 2608 probitatis,
885 2506 1082 2606 diligentiae
1094 2564 1104 2607 7
1138 2506 1341 2604 religioniS,

333 2655 446 2732 neque
472 2658 529 2704 me
557 2633 621 2705 tibi
628 2689 639 2734 7
662 2661 776 2736 neque
803 2660 1013 2736 quemquam
1030 2647 1224 2733 antepono:
1241 2657 1340 2704 amo·

332 2756 380 2828 ris
405 2783 490 2831 vero
516 2785 596 2857 erga
620 2786 694 2861 me²
721 2788 829 2862 quum
854 2788 874 2832 a
899 2761 1052 2834 fraterno
1075 2784 1194 2832 amore
1213 2772 1242 2811 ¹⁸
1271 2758 1339 2831 do·
1402 2778 1406 2790 ¹

331 2883 548 2984 mestiooque
566 2884 726 2984 discessi,
743 2887 808 2958 tibi
825 2887 954 2986 primas
974 2886 1101 2959 defero.
1120 2882 1205 2956 Vidi
1222 2884 1320 2955 enim
1330 2941 1343 2983 ‚

331 3002 423 3103 vidi,
448 3009 844 3110 penitusque'perspexi
868 3013 905 3083 iu
922 2997 1016 3084 'meis
1041 3010 1145 3084 variis
1162 3008 1339 3108 tempori-

253 3168 258 3174 ·
329 3125 396 3202 bus
423 3145 458 3204 et
484 3132 738 3234 solicitudines,
766 3151 801 3209 et
828 3137 978 3210 laetitias
1011 3149 1098 3209 tuas.
1131 3135 1216 3207 Fuit
1246 3133 1340 3207 mihi

330 3279 435 3354 saepe
461 3272 496 3331 et
520 3257 634 3333 laudis
659 3260 800 3335 nostrae
828 3264 1010 3361 gratulatio
1031 3276 1091 3335 tua
1107 3259 1281 3358 iucunda,
1297 3274 1341 3332 et

329 3378 465 3457 timoris
492 3388 686 3463 consolatio
713 3403 817 3488 grata.
844 3391 941 3482 Quin
965 3389 1053 3462 mihi
1078 3412 1189 3487 nunc,
1215 3400 1251 3458 te
1270 3385 1341 3458 ab·

329 3521 444 3609 sente,
469 3537 542 3586 non
568 3514 682 3589 solum
707 3517 908 3616 eonsilium,
934 3540 1004 3618 quo
1030 3529 1069 3587 tu
1095 3511 1234 3586 excellis
1241 3569 1251 3612 ,
1268 3512 1342 3587 sed

328 3633 434 3708 etiam
459 3642 627 3716 sermonis
654 3639 946 3741 communicatio,
973 3621 1172 3745 quaemihi
1198 3637 1342 3713 suavis-

327 3759 415 3832 sima
440 3776 556 3840 tecum
581 3766 670 3841 solet
695 3795 789 3854 esse,
815 3769 964 3842 maxime
991 3768 1152 3842 deest·-
1165 3765 1252 3867 quid
1275 3764 1340 3838 di-

329 3886 427 3958 eami
442 3931 491 3948 --
502 3892 538 3965 iu
555 3893 742 3994 publicane
759 3894 816 3968 rei
828 3911 855 3946 ¹2
874 3920 944 3996 quo
961 3896 998 3968 in
1016 3919 1140 3993 gauere
1158 3892 1246 3966 mihi
1270 3917 1344 3964 ne-

934 4091 938 4122 t
