2924 5002
336 379 410 452 282
680 389 851 444 euisrous
876 393 986 442 xuvrr.
1115 389 1197 443 nv.
1215 395 1243 442 c
1262 390 1312 457 ⁶94

337 523 438 571 suum
458 518 572 568 caeno
589 493 737 568 oblitum
755 493 905 592 videret,
930 518 1111 592 magnum,
1137 494 1261 595 credo,
1279 524 1334 570 ac·
1447 501 1448 522 ¹

337 625 470 723 ciperet
502 620 675 696 dolorem:
707 621 757 692 sic
789 645 854 718 ego
888 619 999 718 hunc,
1031 618 1195 694 omnibus
1227 649 1248 695 a
1279 649 1337 696 me

336 750 472 849 pictum
497 761 533 820 et
556 746 706 848 politum
733 729 816 818 artis
845 745 1037 845 coloribus,
1070 725 1186 820 orbito
1220 747 1336 822 defor-

336 888 488 974 matum,
512 899 585 947 nou
610 873 685 947 sine
711 897 838 970 magno
864 870 1084 966 dolorevidi.
1111 874 1338 976 Quamquam

338 977 443 1073 nemo
469 997 633 1100 putabat,
657 1011 804 1100 propter
820 997 1031 1071 Clodianum
1047 999 1225 1107 negotium
1240 1018 1266 1098 r,
1282 1026 1339 1072 me

336 1125 387 1199 illi
413 1127 562 1198 amicum
588 1151 663 1199 esse
690 1122 834 1197 debere:
858 1103 978 1197 tamen
1003 1136 1120 1201 tantus
1137 1125 1204 1198 fuit
1223 1152 1337 1225 amor,

337 1266 379 1326 ut
403 1250 576 1325 exhauriri
600 1248 694 1324 nulla
720 1263 840 1350 posset
864 1250 997 1322 iniuria.
1028 1251 1151 1352 Itaque
1175 1251 1338 1326 Archilo-

338 1378 415 1450 chia
440 1380 478 1449 in
503 1377 600 1475 illum
631 1375 747 1450 edicta
778 1373 894 1450 Bibuli
926 1376 1061 1476 populo
1086 1375 1135 1450 ita
1168 1392 1252 1451 sunt
1283 1379 1338 1450 iu-

302 1554 305 1566 »
338 1504 469 1604 cunda,
502 1519 543 1577 ut
575 1531 654 1576 eum
693 1503 827 1601 locum,
858 1501 920 1575 ubi
955 1517 1219 1606 proponuntur,
1253 1531 1337 1605 prae

337 1631 561 1705 multitudine
579 1657 714 1731 eorum⁷
732 1631 790 1732 qui
808 1629 943 1729 legunt,
961 1632 1106 1704 transire
1118 1645 1296 1733 nequeant
1309 1632 1339 1730 ⁸3

338 1759 405 1858 ipsi
422 1758 470 1831 ita
489 1757 630 1856 acerba,
646 1771 686 1836 ut
703 1755 860 1829 tabescat
878 1751 1015 1855 dolore3
1035 1756 1120 1828 mihi
1137 1755 1337 1830 mehercule

338 1865 623 1984 urolesta7'quod
649 1896 683 1954 et
709 1908 805 1980 eum,
831 1907 935 1984 quem
967 1907 1105 1982 semper
1138 1859 1263 1982 dilexi,
1288 1883 1341 1955 ni-

338 2008 404 2082 mis
422 2009 639 2107 excruciant,
653 2022 699 2081 -et
711 2009 840 2106 timec,
864 2022 938 2080 tam
955 2006 1142 2082 vehemens
1159 2008 1231 2107 vir,
1248 2023 1341 2082 tam-

212 2145 214 2155 '
338 2161 417 2234 que.
432 2159 512 2206 acer
535 2135 573 2205 in
598 2133 687 2207 ferro
703 2151 731 2232 9,
756 2147 792 2206 ot
816 2148 890 2207 tam
913 2134 1069 2206 insuetus
1086 2133 1343 2234 contumeliae,

339 2285 383 2331 ne
409 2258 504 2332 omni
526 2259 632 2331 animi
648 2259 782 2359 impetu
801 2259 915 2333 dolori
932 2273 968 2333 et
983 2258 1183 2332 iracundiae
1204 2275 1343 2361 pareat.

328 2402 331 2412 '
390 2385 553 2458 3Bibuli
578 2387 638 2488 qui
663 2387 708 2459 sit
725 2387 836 2459 exitus
853 2385 1002 2492 futurus,
1018 2388 1144 2459 nescio.
1162 2387 1217 2460 Ut
1241 2413 1338 2459 nunc
1436 2407 1439 2418 ·

257 2518 263 2530 “
339 2537 393 2583 res
420 2516 456 2584 se
481 2511 604 2612 habet,
637 2511 834 2585 admirabili
864 2511 971 2611 gloria
1005 2526 1065 2586 est.
1099 2511 1195 2606 Quin
1229 2542 1338 2616 quum

340 2634 480 2710 comitia
513 2639 548 2710 iu
580 2631 736 2711 mensem
769 2635 961 2713 Octobrem
994 2637 1208 2739 distulisset,
1241 2638 1339 2742 quod

340 2763 429 2838 solet
453 2791 494 2841 ea
520 2791 574 2854 res
599 2739 722 2866 populi
747 2763 966 2840 voluntatem
982 2763 1175 2867 offendere,
1198 2776 1353 2865 putarat

340 2891 468 2968 Caesar
493 2893 650 2972 oratione
682 2917 746 2966 sua
769 2914 873 2992 posse
905 2891 1040 2991 impelli
1071 2892 1284 2965 concionem
1303 2907 1340 2990 ¹⁰,

340 3028 380 3114 ut
403 3015 471 3089 iret
487 3016 533 3090 ad
548 3016 728 3115 Bibulum3
753 3017 863 3090 multa
880 3043 989 3119 quum
1005 3016 1269 3106 seditiosissime
1287 3017 1339 3090 di-

341 3156 455 3241 seret,⁴
475 3168 598 3217 vocem
617 3145 808 3244 exprimere
833 3169 906 3217 non
923 3143 1048 3244 potuit
1066 3143 1163 3236 Quid
1180 3141 1340 3245 quaeris?

341 3264 519 3368 Sentiunt,
543 3295 580 3343 se
606 3269 737 3343 nullam
765 3270 867 3344 ullius
891 3258 1008 3371 ‘partis
1033 3269 1255 3344 voluntatem
1290 3285 1340 3342 te·

340 3416 439 3492 ncre5
465 3419 506 3466 eo
532 3379 640 3492 magis
666 3396 719 3468 ris
745 3396 847 3469 uobis
872 3410 925 3468 est
950 3393 1114 3468 timenda.

327 3559 330 3568 ·
391 3520 414 3616 4
439 3518 582 3594 Clodius
607 3523 766 3596 inimicus
791 3536 845 3596 est
869 3520 980 3597 nohis.
1007 3524 1197 3623 Pompeius
1216 3523 1341 3608 confir

340 3660 430 3746 mat,
454 3673 535 3722 eum
563 3650 650 3723 nihil
682 3675 756 3724 esse
785 3650 958 3728 facturum
991 3662 1113 3726 centra
1146 3673 1213 3722 me.
1253 3645 1339 3722 Mihi

341 3774 574 3874 periculosum
599 3791 652 3850 est
674 3777 830 3874 credere3
856 3776 902 3850 ad
919 3775 1149 3850 resistendum
1166 3801 1223 3850 me
1243 3797 1340 3876 paro.

342 3901 463 3976 Studia
489 3929 591 4004 spero
618 3931 673 3978 me
699 3929 833 3978 summa
859 3902 1059 3978 habiturum
1092 3903 1250 3976 omnium
1281 3927 1339 3974 or·
