2882 5002
316 393 383 485 148
664 407 835 459 urrsroua
859 411 953 460 xxvi.
1087 405 1165 459 tv.
1184 409 1278 469 carn

310 515 497 588 Catilinam
514 511 643 618 emisi,
672 525 816 610 octava,
844 537 949 612 quam
981 505 1087 580 habui
1113 507 1159 581 ad
1185 535 1305 609 popu-

309 640 382 716 lum
408 637 593 740 postridie,
625 663 729 738 quam
762 635 910 709 Catilina
944 633 1114 735 profugit,
1145 660 1239 706 nona
1267 635 1304 706 in

310 738 496 864 concione,
521 789 591 866 quo
618 763 675 836 die
690 761 896 860 Allobroges
912 759 1151 859 involgarunt,
1169 758 1304 832 decima

307 893 345 968 in
377 904 522 990 senatu,
559 888 671 964 Nonis
707 886 967 964 Decembribus.
1005 885 1094 958 Sunt
1124 895 1304 985 praeterea

309 1017 398 1090 duae
414 1016 555 1114 breves,
572 1015 670 1116 quasi
687 1020 922 1107 ἀποσπασμάτια
936 1011 1022 1110 legis
1039 1011 1201 1109 agrariae.
1223 1011 1303 1084 Hoc

307 1155 422 1214 totum
453 1154 543 1234 σῶμα
574 1140 703 1214 curabo
735 1153 776 1215 ut
807 1139 944 1216 habeas.
969 1139 1029 1236 {Et
1066 1136 1232 1237 quoniam
1264 1149 1300 1208 te

307 1293 416 1368 quum
440 1267 587 1365 scriptu,
612 1280 685 1337 tum
706 1291 761 1338 res
778 1291 876 1337 meae
893 1262 1086 1360 delectant3
1110 1259 1235 1333 iisdem
1260 1285 1303 1334 ex

304 1389 401 1464 libris
425 1393 614 1492 perspicies
645 1403 682 1463 et
710 1416 799 1492 quae
832 1391 1008 1488 gesserim,
1032 1401 1068 1460 et
1092 1411 1181 1488 <prae
1204 1385 1301 1459 dixe·

306 1517 385 1614 rim,
411 1528 471 1588 aut
494 1513 539 1589 ne'
564 1517 784 1620 poposcisses
804 1516 842 1590 ¹³.
868 1517 945 1618 Ego
963 1513 1057 1590 enim
1074 1511 1137 1588 tibi
1154 1537 1210 1584 me
1228 1535 1301 1586 non

306 1637 504 1718 offerebam.

355 1764 377 1836 3
403 1763 513 1857 Quod
537 1767 695 1867 quaeris,
720 1763 805 1866 quid
830 1765 893 1864 sit,
917 1761 1014 1865 quod
1040 1777 1076 1835 te
1109 1787 1307 1859 arcessam3

305 1913 346 1961 ac
371 1889 490 1991 simul,
513 1891 722 1991 impeditum
748 1904 783 1965 te
808 1867 955 1988 negotiis
981 1915 1073 1989 esse,
1108 1889 1307 1986 significas3

303 2039 417 2115 neque
441 2041 595 2116 recusas,
621 2018 722 2120 quin,
747 2043 819 2092 non
844 2014 952 2090 modo
977 2016 1007 2088 si
1035 2040 1125 2114 opus
1150 2015 1213 2112 sit,
1238 2013 1304 2085 scd

303 2138 409 2211 etiam
434 2141 463 2212 si
489 2140 593 2214 velim
603 2193 621 2239 ,-
639 2167 815 2214 accurras:
841 2139 927 2213 nihil
952 2165 1035 2214 sane
1060 2153 1113 2211 est
1141 2159 1306 2236 necesse,

302 2277 531 2339 veruntamen
555 2264 719 2341 videbare
743 2265 832 2342 mihi
857 2279 1014 2364 tempora
1046 2263 1302 2364 peregrinatio-

301 2386 356 2460 nis
394 2390 611 2468 commodius
647 2417 751 2492 posse
786 2389 980 2467 describere
1002 2386 1040 2461 ¹4.
1073 2389 1184 2462 Nimis
1218 2366 1302 2459 abes

302 2510 379 2612 diu,
404 2518 609 2616 praesertim
634 2543 740 2626 quum
767 2517 813 2590 sis
838 2517 875 2590 in
893 2514 1098 2618 propinquis
1115 2512 1220 2611 locis,
1238 2539 1302 2590 ne·

300 2663 367 2740 que
392 2665 457 2714 uos
486 2655 519 2718 te
545 2642 706 2742 fruimu'r5
731 2655 767 2715 et
791 2629 830 2717 tu
855 2641 960 2714 nobis
990 2665 1095 2712 cares.
1120 2640 1173 2712 Ac
1203 2664 1301 2710 nunc

299 2761 441 2860 quidem
462 2768 574 2844 otium
591 2782 645 2845 est
664 2770 709 2866 ¹⁵3
734 2766 815 2866 sed,
839 2768 868 2838 si
884 2765 992 2866 paulo
1008 2764 1088 2865 plus
1105 2765 1201 2842 furor
1216 2763 1300 2838 Pul·

298 2884 401 2957 chelli
425 2889 591 2988 progredi
616 2905 752 2992 posset,
777 2889 881 2966 valde
907 2915 972 2989 ego
997 2902 1033 2973 te
1065 2889 1172 2963 istinc
1204 2891 1299 2962 exci-

297 3020 417 3087 tarem.
435 3012 568 3088 Verum
584 3015 761 3115 praeclare
778 3014 939 3088 Metellus
956 3013 1120 3118 impedit,
1137 3027 1174 3086 et
1189 3015 1300 3114 impe·

298 3130 379 3210 diet.
406 3136 503 3228 Quid
528 3139 685 3241 quaeris?
711 3154 765 3213 est
797 3137 920 3212 consul
952 3144 1145 3241 φιλόπατρις,
1171 3151 1225 3238 et,
1256 3151 1298 3210 ut

296 3283 435 3360 semper
459 3263 631 3367 iudicavi,
655 3281 780 3344 natura
804 3263 931 3343 bonus.

347 3387 371 3479 4
396 3387 460 3466 Illo
485 3405 603 3469 autem
624 3414 700 3470 uon.
733 3390 873 3468 simulat
892 3393 933 3489 ¹⁰,
956 3387 1020 3463 sed
1048 3387 1153 3488 plane
1182 3387 1298 3464 tribu·

295 3533 362 3584 nus
387 3511 499 3613 plebis
524 3518 599 3594 fieri
624 3517 731 3618 cupit.
757 3517 836 3610 Qua
864 3515 907 3588 de
933 3541 969 3592 re
988 3541 1094 3616 quum
1116 3515 1152 3590 in
1170 3527 1292 3586 senatu

294 3653 477 3743 ageretur,
509 3643 600 3744 ¹fregi
632 3643 836 3739 homiuem,
869 3655 906 3718 et
937 3641 1185 3718 incostautiam
1220 3640 1291 3714 eius

293 3764 519 3870 reprehendi,
545 3772 604 3875 qui
629 3771 757 3870 Romae
775 3764 994 3872 tribunatum
1010 3764 1123 3867 plebis
1139 3778 1291 3866 peteret,

233 3988 237 4000 ι
270 3947 277 3960 ⁸
293 3912 401 3991 quum
426 3895 463 3965 in
485 3894 601 3969 Sicilia
618 3893 831 3972 aedilitatem
849 3917 886 3965 se
903 3905 1023 3990 petere
1041 3891 1235 3996 dictitasset
1251 3905 1288 3964 ¹⁷.
