2932 5000
516 403 553 452 ru
580 397 772 452 nnrsronts
1086 377 1156 454 383

191 521 287 586 Qum
301 500 333 562 in
347 499 409 562 suis
422 498 563 562 omnibus
576 500 689 583 legeret
702 511 830 582 sareon,
845 503 980 582 reposuit
994 511 1157 584 κατάτασις,

191 629 293 692 quum
313 607 388 669 libb.
409 616 480 668 vett.
493 605 643 670 haberent
663 617 829 693 κατάκρισις.
850 604 958 668 Lamb.
972 617 1002 669 et
1015 609 1157 671 Tunstal-

192 715 240 777 lus
260 713 394 797 probant
415 711 552 775 Turnebi
566 715 772 774 coniecturam
787 712 911 794 legentis
932 722 1072 786 κατακλεὶς
1086 736 1155 778 con-

190 822 298 895 clusio,
318 821 380 884 scil.
401 819 546 886 clausula.
749 901 752 908 .
1084 889 1085 898 χ

154 949 189 990 12
213 928 251 988 H.
264 949 288 990 e.
308 928 362 988 ΙΙΙ.
380 927 480 988 Nonas
502 926 564 986 lan.
584 925 643 1008 Ep.
665 924 864 997 CCXCVlll,
886 925 919 986 3:
943 925 1090 1007 Quoniam
1110 927 1160 990 IV

190 1034 269 1096 Non.
288 1033 357 1094 Ian.
377 1032 587 1114 compitalicius
606 1031 668 1092 dier
687 1044 739 1093 ert.
764 1031 893 1093 Certum·
910 1041 1012 1092 tamen
1033 1043 1152 1116 tempus

190 1161 252 1201 non
272 1137 433 1202 habebant.
454 1138 620 1211 Memento,
640 1138 701 1202 scil.
722 1138 839 1211 adesse,
858 1148 894 1200 ut
914 1139 1067 1220 scripsisti.

154 1247 190 1308 1³
209 1246 278 1320 Est,
296 1248 328 1306 ni
349 1244 498 1319 fallimur,
517 1266 537 1308 e
556 1245 703 1309 Victorio.
729 1245 806 1306 Nam
825 1255 897 1307 vett.
918 1243 986 1304 edd
1007 1244 1154 1306 tralaticia

189 1353 337 1414 Babzeum
357 1351 496 1435 calefieri.
517 1351 685 1436 Sosipater,
702 1372 771 1435 pag.
785 1350 833 1437 76.
854 1351 999 1412 Balneum
1015 1351 1153 1432 (conun-

191 1461 253 1538 cte)
275 1469 381 1519 veteres
393 1458 547 1532 delectant,
566 1459 623 1520 sive
637 1459 792 1520 balineum.
812 1459 895 1519 Tum
909 1457 956 1520 ed.
970 1458 1046 1520 lens.
1060 1458 1153 1520 Pom·

187 1565 310 1646 pensam
329 1566 390 1626 iam
414 1563 464 1637 T.‚
485 1563 551 1626 Ald
572 1585 646 1626 vero
667 1564 859 1645 Pomponiam
873 1583 942 1626 nam
968 1561 1019 1637 Τ.,
1038 1574 1156 1625 utrum·

193 1690 253 1751 que
275 1669 458 1732 inculcatum
476 1669 519 1730 ab
538 1679 671 1732 extrema
691 1647 809 1752 syllaba
829 1672 911 1730 vocis
931 1669 1141 1731 antecedentis.

154 1777 191 1854 ¹4
212 1775 263 1836 Sic
284 1776 393 1858 legitur
413 1797 494 1838 nunc
514 1797 531 1838 e
552 1779 737 1839 correctione
757 1776 903 1848 Victorii,
924 1796 1018 1856 quum
1041 1777 1072 1835 in
1086 1795 1153 1836 om-

189 1881 280 1944 nibus
301 1881 373 1944 libb.
395 1883 546 1966 legeretur
567 1882 737 1956 φιλομαθίας.
766 1880 941 1943 Tunstallus
962 1903 997 1942 cx
1025 1883 1155 1963 vestigiis

190 1989 338 2051 librorum
354 1990 470 2073 aliquot
485 1990 648 2074 legentium
664 1967 795 2070 palaestae
810 1987 988 2052 coniiciebat
1001 1995 1154 2066 πολιτείας,

191 2095 312 2176 qualem
338 2096 451 2158 librum
477 2096 582 2159 Cicero
608 2096 712 2158 laudat
737 2099 811 2180 Leg.
832 2097 894 2170 ΙΙΙ,
913 2095 950 2170 6,
971 2106 1002 2158 et
1023 2105 1083 2182 arpi
1100 2104 1155 2180 apt-

191 2227 258 2271 eras
288 2209 423 2274 πολιτείας
444 2204 487 2277 V,
506 2205 564 2286 49,
586 2223 664 2285 quae
689 2205 863 2266 coniectura
889 2223 988 2284 neque
1014 2201 1153 2264 Ernestio

191 2305 375 2390 displicebat.

597 2523 712 2583 XXIX.

156 2755 168 2793 r
194 2731 263 2798 Vox
283 2731 424 2817 denique,
445 2736 673 2820 etconsuetudo
687 2735 840 2797 Ciceronis
857 2735 953 2796 movit
965 2731 1154 2804 Ernestium,

195 2849 231 2901 ut
250 2841 453 2922 suspicaretur
473 2843 614 2904 excidisse
633 2853 702 2926 post
722 2837 807 2904 multi
822 2842 916 2902 nuntii
934 2839 1027 2902 verba
1047 2838 1152 2927 multo-
1242 2873 1249 2880 ·

194 2966 259 3006 rum
280 2943 395 3008 literae.¹
415 2948 533 3010 Tamen
559 2950 638 3012 idem
665 2948 807 3031 loquendi
830 2947 938 3009 modus
965 2946 1098 3008 occurrit
1124 2945 1155 3003 in

194 3051 332 3114 Pollione
358 3055 689 3136 epucccxxx111,
712 3078 738 3116 a.
759 3056 810 3117 fin.
834 3057 886 3138 qui
909 3068 963 3116 aut
988 3051 1155 3134 imperium,

194 3169 248 3218 ant
268 3180 372 3221 nonren
385 3159 510 3244 deniqne
522 3164 628 3244 populi
641 3163 693 3235 ΙΙ,
706 3174 736 3224 et
749 3165 780 3223 in
794 3166 860 3245 ipso
874 3162 935 3222 Cic.
949 3181 997 3243 cp.
1011 3157 1154 3219 DCXLll

194 3273 264 3324 ante
284 3263 335 3326 fin.

151 3389 170 3430 a
194 3370 241 3430 Te
261 3370 381 3432 videndi
403 3372 526 3436 Romae.
550 3374 660 3438 Labori
679 3387 746 3447 tno,
765 3377 910 3436 nimirum
932 3374 1078 3435 Asiaticae
1102 3369 1154 3430 ad-

194 3477 415 3540 ministrationi.
937 3469 940 3480 '

153 3581 172 3642 3
195 3582 300 3658 Quum
323 3585 393 3646 Asia
412 3590 564 3670 praetoria
583 3592 741 3671 provincia
761 3600 852 3662 esset,
864 3597 1018 3671 praetores
1039 3583 1153 3662 Quinto

195 3687 332 3751 Ciceroni
355 3702 389 3752 ut
410 3694 617 3768 succederent,
637 3693 864 3756 contendebant
1236 3667 1243 3686 .

151 3793 174 3868 4
197 3793 315 3856 Nomen
336 3799 474 3878 generale
495 3799 575 3862 idem
596 3783 760 3862 sonans'ac
771 3801 952 3883 facultates,
971 3796 1155 3880 potentiam

195 3919 242 3980 ep.
264 3899 441 3966 CCCLVll:
464 3905 575 3968 Caesar
594 3905 654 3969 mm
673 3929 743 3989 opes
756 3927 851 3980 necas,
872 3927 930 3968 non
943 3921 1080 3984 -opem
1100 3919 1154 3961 erc·

193 4017 316 4086 spectat.
337 4009 408 4072 Mox
429 4011 494 4074 cdd.
516 4013 590 4076 Min.
611 4023 641 4074 ct
662 4013 753 4078 llerv.
771 4011 912 4095 peficere
928 4029 1089 4092 possemus.
