2932 5000
518 413 557 460 rn
583 407 772 460 nersroms
1072 389 1143 482 415

180 527 225 574 est
244 531 353 584 sermo,
370 533 409 572 so.
430 511 591 572 hominum
611 512 649 572 de
668 511 726 572 beo
746 512 996 588 manumissIone3
1010 533 1057 596 ep.
1071 513 1143 587 LII,

188 643 212 680 t.
233 621 293 693 Iis,
311 640 385 701 quos
405 616 490 678 valde
510 639 592 692 anto,-
625 629 717 702 puta,
745 618 839 679 fratri.
864 617 985 679 Corrad.

143 749 162 786 a
184 728 307 798 Cetera,
328 747 407 807 quae
426 727 525 808 magni
548 728 692 786 momenti
711 727 742 786 in
756 745 789 786 re
801 724 874 808 pub.
889 711 966 786 sunt.
980 725 1067 786 Amb.
1093 725 1143 788 16:

184 834 288 895 Cetera
307 835 325 894 ἰ.
346 855 383 893 m.
405 833 490 894 rebus
501 877 512 906 ,
543 854 621 894 nune
643 830 741 894 Clodii
763 834 968 894 contentiones.
998 833 1080 894 Infra
1101 835 1147 894 vel

181 939 329 1002 deeliaare
350 940 433 1000 nulla
453 961 520 1000 enm
540 940 689 1013 molestiis,
720 939 832 1000 seilicet
860 939 1009 1021 legatione
1030 938 1145 1012 libera,

184 1049 231 1108 vel
252 1048 381 1118 melius,
412 1046 593 1129 legationem
620 1046 703 1108 ultro
724 1045 858 1110 oblatam
879 1067 897 1106 a
918 1047 1044 1108 Caesare
1065 1049 1143 1107 aoei-

180 1152 310 1236 pIend03
330 1173 377 1235 ep.
399 1173 464 1234 sup.
487 1155 520 1226 3,
541 1165 571 1214 et
591 1152 649 1214 hae
669 1156 750 1237 ipsa,
771 1155 799 1216 3.

141 1262 160 1319 3
181 1259 237 1320 Est
256 1281 274 1320 a
295 1259 374 1322 Viot.
396 1259 510 1321 Omnes
531 1259 605 1320 libb.
626 1271 695 1322 ante
715 1261 801 1322 Illum
824 1271 883 1320 tam
902 1258 1036 1342 denique.
1059 1260 1142 1320 Tum

180 1387 270 1448 qnam
288 1378 426 1449 putaram
445 1378 626 1428 revocarunt
646 1369 795 1429 Graevius
814 1376 844 1428 et
854 1366 946 1438 Cra,
959 1378 989 1428 et
1002 1377 1047 1428 est
1060 1366 1141 1449 apud

181 1473 249 1532 Ald.
270 1483 299 1533 et
320 1473 411 1534 Herv.
433 1473 531 1535 Ceteri
553 1472 626 1534 libb.
646 1452 898 1556 quam'putaram.

140 1579 307 1655 4Caesar,
337 1581 502 1664 Pompeius
528 1591 558 1642 et
589 1581 732 1644 Crassus:
763 1593 793 1641 et
824 1601 894 1641 cum
916 1583 1033 1655 ironia,
1061 1580 1143 1662 quod

179 1685 342 1768 populares
369 1685 427 1746 diei
448 1691 665 1770 nonpossint,
690 1709 766 1770 quos
787 1687 940 1771 populus,
967 1689 1058 1748 etiam
1079 1707 1142 1747 mo-

180 1789 256 1850 desti
275 1794 417 1865 homines,
439 1793 532 1855 sibilis
553 1797 744 1856 insectentur.
765 1795 882 1855 Manat.
938 1829 941 1836 ·
1020 1797 1024 1804 ’

140 1897 161 1957 5
182 1898 232 1958 Sic
245 1897 387 1960 volebant
400 1900 553 1961 Manutius
579 1913 609 1962 et
629 1902 717 1974 Ern,
742 1911 772 1962 et
785 1904 901 1984 prImus
922 1899 1016 1960 edidit
1034 1897 1142 1959 Lamb.

179 2015 344 2087 posteaque
377 2006 558 2080 Sobtitzius,
592 2019 622 2068 et
651 2011 695 2096 sie
728 1985 862 2091 postulat
889 2007 1066 2068 antecedens
1093 2006 1142 2068 ita.

181 2112 265 2170 Olim
287 2113 502 2186 restituturam,
522 2125 557 2175 ut
576 2118 694 2197 pritnus
715 2114 776 2174 scil.
797 2117 958 2196 usurpavit
974 2113 1091 2174 Ennius
1105 2111 1143 2173 de

180 2215 300 2290 Fabio,
324 2229 355 2278 et
374 2230 443 2280 sunt
462 2223 494 2279 in
521 2219 572 2282 lib.
592 2221 630 2281 de
651 2221 766 2282 Senect.
777 2265 788 2294 ,
809 2222 838 2296 4.
861 2220 1019 2280 Laudatur
1040 2229 1141 2278 autem

179 2321 320 2394 Bibulus,
341 2328 427 2406 quasi
448 2327 523 2388 alter
543 2326 677 2398 Fabius,
707 2329 779 2408 qma
805 2323 1086 2386 obnuntiationibus
1114 2333 1143 2384 et

179 2427 284 2490 edictis
305 2433 365 2490 suis
387 2431 507 2493 Caesari
528 2436 630 2494 omnia
651 2435 786 2494 miscenti
813 2435 950 2494 resistere
969 2430 1143 2506 nitebatur;

179 2533 239 2596 vid.
255 2538 284 2594 in
300 2548 372 2598 extr.
393 2540 528 2620 epistola.
550 2539 610 2600 Sed
632 2541 738 2601 Cioero
759 2539 847 2612 dicit,
862 2560 892 2600 se
906 2538 1015 2599 nescire
1035 2556 1144 2617 quare,

180 2642 252 2720 quia
273 2641 319 2702 bis
333 2625 448 2719 rebus,
478 2657 508 2706 ot
540 2645 679 2708 diutione
706 2647 894 2709 Comitiontm
914 2642 1058 2704 utebatur
1080 2643 1142 2702 sine

179 2751 366 2812 correctione
388 2753 537 2833 reip.‚,ut
557 2757 599 2814 ait
620 2775 666 2836 ep.
687 2755 775 2826 XLI,
801 2775 825 2814 ι.

138 2849 160 2911 6
181 2852 221 2914 Se
242 2856 342 2936 Ipsum
362 2856 514 2938 perdidit,
539 2859 622 2940 quod
643 2881 675 2920 se
695 2881 766 2920 eum
786 2859 914 2920 Caesare
934 2855 1144 2925 coniunxerit,

180 2980 227 3041 ep.
249 2961 369 3035 XLIII,
393 2985 416 3023 ι.
445 2965 628 3042 Verissime,
649 2967 710 3029 vid.
730 2966 803 3026 Plut
832 2968 864 3025 in
896 2966 960 3024 Cat.
982 2963 1055 3023 Min.
1074 2970 1145 3043 post

179 3065 280 3139 med.,'
288 3078 318 3128 et
330 3069 470 3152 epistolas
491 3093 597 3132 annor.
610 3073 736 3141 DCCIV
751 3083 781 3133 et
802 3092 884 3154 seqq.
905 3072 992 3148 Quae
1013 3051 1144 3149 sequun-

181 3182 248 3244 tur,
268 3175 404 3255 paullum
426 3179 597 3238 Immutavit
617 3177 744 3252 Soht'Itz,
765 3189 856 3259 atque
880 3179 922 3236 ita
942 3174 1143 3256 interpunxit:

181 3282 325 3342 neminem
346 3295 421 3344 tenet
441 3285 602 3360 voluntate,
622 3307 658 3345 ne
679 3297 758 3346 metu
779 3283 948 3344 accessesit
968 3283 1001 3342 iis
1022 3281 1080 3354 uti,
1099 3299 1145 3338 re·

178 3406 265 3458 reor,
286 3389 368 3468 quod
389 3390 467 3452 Infra
488 3411 535 3473 ep.
556 3392 691 3465 XLVII,
711 3393 729 3452 3
750 3393 875 3452 invenit:
896 3389 1023 3448 sentiunt
1035 3406 1066 3445 se
1079 3384 1144 3444 nul-

180 3492 243 3550 lam
264 3492 350 3552 ullius
366 3497 462 3575 partis
493 3497 669 3558 voluntatem
690 3509 804 3572 lenem
832 3517 866 3557 eo
887 3496 981 3574 magis
1001 3491 1083 3551 nobis
1103 3489 1145 3550 vis

180 3610 225 3656 est
245 3593 380 3661 timenda.
412 3603 566 3662 Neminem
595 3615 676 3664 tenet
707 3604 886 3686 Pompeius,
917 3602 989 3682 quia
1008 3596 1079 3659 odio
1100 3604 1144 3655 est

184 3705 346 3782 omnibus;
377 3729 424 3790 ep.
445 3708 597 3781 XXXIX,
629 3730 656 3769 2.
685 3709 812 3770 Necesse
829 3709 920 3770 siliis
942 3707 1005 3777 utr',·
1025 3699 1145 3762 dubitat

180 3810 265 3883 Cio,
291 3823 393 3874 utrum
414 3833 533 3896 necesse
554 3818 592 3898 sit
611 3816 759 3900 Pompeio
779 3817 824 3876 uti
846 3817 932 3877 sooiis
958 3811 1038 3879 suis,
1068 3806 1145 3866 idest

178 3917 306 3979 Caesare
326 3930 356 3980 et
377 3920 503 3994 Crasso,
525 3932 651 4004 sponte,
672 3943 710 3983 an
731 3932 855 3994 coacto,
878 3920 950 4002 quia
971 3935 1051 4008 nune
1069 3933 1141 3995 pro-
