2874 5002
329 331 402 425 464
783 356 878 406 tm

361 458 456 516 biamo
474 456 554 514 ndito
573 456 641 514 dirsi
660 456 689 512 di
708 456 864 534 qnell'eroe
882 455 1082 516 nell’crazione
1093 477 1147 534 pro
1160 460 1219 534 lege
1233 460 1334 520 Mani·

361 554 410 609 lia.
437 553 484 608 Ma
503 551 625 629 leggansi
643 562 742 628 queste
762 549 877 624 lettere,
893 550 946 608 esi
958 550 1121 628 giudieherla
1133 551 1240 629 meglio
1250 553 1331 612 Pom-

361 665 429 723 peo:
449 643 473 702 si
492 644 579 702 vedrl
597 642 649 700 che
669 663 733 701 cosa
753 644 832 701 riano
851 644 862 700 i
880 643 981 701 ritratti
1000 643 1045 700 de’
1062 644 1233 722 panegiristir

330 738 362 794 18
381 736 449 794 Tale
468 756 516 792 era
534 747 692 794 veramente
710 736 851 814 Pompeo;
876 736 903 792 le
927 756 977 794 sna
1000 735 1228 794 dissimulatione
1245 738 1332 794 artili-

298 838 300 853 '
362 828 452 900 ciose,
473 827 500 884 le
518 847 569 884 sne
587 828 692 890 astnzie
710 822 796 886 erino
816 841 1087 906 seoperte‘semprm
1105 847 1121 884 e
1139 848 1197 885 non
1215 827 1256 906 gli
1274 829 1332 906 gio-

361 940 467 979 varono
487 921 542 976 mai
560 920 646 978 nulla.
666 920 761 994 ectio,
779 921 917 999 perlando
936 921 966 978 di
984 921 1129 998 Pompeo‚
1153 920 1231 977 dice:
1257 923 1333 979 Solet
1412 983 1415 988 ,

246 1039 250 1045 ’
362 1016 438 1070 enim
455 1012 538 1070 alind
555 1017 670 1088 sentim,
690 1012 773 1070 alind
791 1016 870 1092 loqui
874 1036 885 1089 ,·
904 1033 995 1092 neque
1014 1023 1124 1069 tantum
1143 1015 1238 1070 valere
1258 1017 1332 1090 inge·

362 1110 426 1180 nio,
447 1116 478 1162 nt
495 1125 554 1163 non
572 1117 714 1181 appareat
731 1107 804 1184 quid
822 1111 919 1183 cupiat
937 1105 1031 1183 (Len.
1051 1105 1224 1162 CCCXXXI
1235 1107 1255 1182 ).

329 1217 363 1272 ¹9
381 1197 415 1254 L’
424 1198 560 1255 honestus
592 1197 770 1256 ciceroniano
794 1200 849 1276 ¹qui
873 1199 935 1259 vale
959 1210 1064 1277 quanto
1088 1197 1108 1253 il
1126 1197 1159 1256 tt
1176 1183 1273 1257 tell»
1287 1199 1332 1256 dei

363 1290 462 1362 Greci,
486 1311 533 1348 era
557 1291 697 1348 insomma
721 1291 868 1368 l’opposto
892 1290 922 1347 di
940 1288 1039 1367 turpe:
1065 1280 1191 1347 ondeclie
1210 1291 1232 1346 il
1250 1311 1333 1348 senso

257 1449 259 1460 ,
332 1423 336 1432 .
363 1381 393 1437 di
412 1383 547 1439 Cicerone
565 1385 582 1440 e
601 1383 653 1440 che
673 1384 798 1461 Pompeo
818 1403 876 1440 non
894 1381 1007 1459 segrrira
1025 1381 1053 1437 le
1071 1381 1145 1460 leggi
1168 1381 1334 1440 dell’onore

362 1474 445 1532 edel
463 1495 515 1533 suo
534 1475 639 1534 dovere
664 1475 759 1552 peril
783 1475 856 1532 bene
875 1473 949 1532 della
967 1472 1151 1551 Repnbblica.
1171 1473 1266 1531 Notisi
1284 1475 1334 1532 alre

364 1566 500 1624 Cicerone
518 1567 633 1626 estende
652 1567 826 1624 l’lronestnm
844 1587 861 1624 a
879 1566 945 1622 tutti
963 1566 973 1621 i
992 1564 1105 1638 doveri,
1128 1584 1208 1624 come
1234 1567 1258 1622 si
1277 1569 1333 1644 puri

158 1673 162 1688 ¹
279 1709 283 1714 .
362 1679 515 1718 conoscere
532 1679 584 1737 per
602 1659 629 1717 le
648 1680 700 1718 sue
718 1679 804 1738 opere
823 1657 992 1731 filosofiche,
1016 1677 1032 1714 e
1056 1669 1226 1735 soprattutto
1244 1659 1334 1736 peril

362 1750 437 1808 libro
456 1751 491 1808 de
513 1754 634 1828 Officiis.
654 1752 828 1825 Quintiliano
848 1753 910 1829 (11,
926 1750 961 1828 5)
980 1769 1016 1808 ne
1035 1749 1110 1807 dice:
1130 1753 1192 1807 Nos
1212 1755 1333 1823 iustum,

361 1846 457 1916 pium,
486 1844 664 1920 religiosum,
690 1855 839 1923 ceteraque
866 1845 914 1902 tis
937 1844 1046 1900 similia
1069 1843 1187 1900 honesto
1211 1843 1333 1918 comple·

363 1938 474 1991 ctimnr.

328 2044 362 2086 πο
381 2026 438 2096 Qui
456 2026 481 2084 si
499 2027 612 2105 regiona
632 2028 679 2084 dei
698 2029 805 2106 pretori
824 2028 971 2086 dell'anno
989 2025 1179 2084 antecedente.
1198 2027 1236 2098 Q.
1256 2026 1332 2082 Cice·

363 2137 431 2176 rone
450 2139 518 2179 area
547 2133 684 2199 occupato
710 2121 802 2199 quella
831 2113 936 2193 carica,
960 2141 975 2178 e
999 2120 1043 2198 gli*
1066 2119 1144 2176 effari
1164 2120 1231 2176 suoi
1249 2140 1332 2176 erano

362 2231 414 2288 per
431 2212 526 2271 Attico
545 2234 561 2271 e
579 2235 631 2294 per
650 2214 789 2274 Cicerone
808 2236 847 2273 nn
867 2225 1030 2293 argomento
1048 2213 1136 2271 molto
1154 2213 1332 2290 importante.

362 2305 482 2383 Appena
513 2308 612 2364 entmti
636 2307 666 2364 in
696 2308 792 2366 ufficio
816 2308 826 2364 i
850 2306 956 2386 pretori
979 2317 1142 2364 estraevano
1167 2325 1183 2361 a
1210 2317 1288 2362 sorte
1309 2305 1332 2360 le

362 2397 505 2474 provincie
534 2399 587 2456 che
616 2419 724 2459 averno
743 2421 759 2456 a
778 2420 950 2478 geremare3
979 2419 1024 2455 ma
1047 2418 1098 2476 per
1121 2396 1292 2475 quell’anno
1309 2396 1332 2452 la

362 2491 496 2568 congium
515 2492 545 2550 di
565 2493 683 2550 Catilina
704 2513 771 2552 evea
790 2494 860 2552 tolto
886 2493 915 2549 di
939 2504 1021 2571 poter
1042 2491 1189 2548 attendere
1207 2511 1226 2546 a
1244 2490 1333 2568 quella

362 2585 510 2658 succende,
533 2586 679 2644 essendosi
704 2586 801 2647 deeuti
824 2586 941 2644 mandar
959 2586 1004 2645 via
1022 2597 1096 2643 tosto
1114 2585 1125 2640 i
1143 2584 1253 2662 pretori
1272 2603 1335 2661 per·

361 2675 415 2734 che
433 2678 540 2736 lomere
558 2691 660 2757 sperate
671 2679 699 2736 lc
712 2679 805 2738 saville
823 2676 1036 2740 rivolnzionarie
1053 2695 1150 2756 sparse
1163 2675 1202 2732 da
1216 2675 1333 2733 Catilina
1417 2667 1418 2695 ¹

361 2768 392 2824 in
410 2770 470 2828 vari
487 2771 585 2849 luoghi
606 2771 735 2829 d’ltelia.
1114 2779 1118 2786 '
1416 2785 1417 2806 ¹

326 2879 358 2916 21
380 2859 505 2935 Miseno,
522 2863 592 2920 altra
610 2864 676 2921 citit
695 2876 775 2942 posta
794 2863 839 2922 sul
858 2863 1011 2922 medesimo
1030 2861 1098 2921 lido.
1202 2917 1204 2924 ,

326 2970 361 3008 22
380 2951 533 3028 Pozzuolo‚
557 2956 622 3014 cittit
649 2957 798 3016 marittima
823 2955 897 3014 della
921 2955 1089 3034 Campania,
1110 2955 1219 3010 famosa
1239 2973 1295 3031 per
1313 2952 1337 3008 le
1414 3007 1415 3028 χ

337 3057 339 3060 “
362 3065 519 3125 succoque
538 3049 630 3106 calde.

326 3133 361 3192 23
380 3137 485 3196 Scrisse
509 3141 644 3200 Cicerone
674 3142 764 3220 quest’
774 3142 904 3200 oracione
931 3152 1029 3199 contro
1054 3139 1102 3196 un’
1115 3138 1186 3195 altra
1213 3138 1285 3194 satta
1311 3133 1339 3190 al

360 3230 466 3308 popolo
486 3232 522 3290 da
540 3233 670 3306 Metello,
688 3236 935 3313 soprannomineto
954 3234 1072 3311 Nipotc‚
1094 3230 1207 3288 fratello
1228 3230 1261 3286 di
1281 3232 1339 3287 Me·
1411 3285 1412 3290 ,

362 3321 429 3380 tello
448 3324 554 3382 Celere.
574 3327 688 3401 Coctili,
712 3328 847 3389 divennto
868 3327 982 3384 tribuno
1001 3325 1105 3382 l'anno
1125 3323 1204 3401 dopo
1224 3324 1247 3380 il
1268 3345 1337 3382 con·

362 3415 450 3476 solato
470 3417 500 3474 di
519 3419 676 3492 Cicerone,
704 3422 728 3478 si
760 3421 843 3480 diede
861 3441 878 3476 a
896 3419 1006 3498 parlare
1029 3417 1066 3476 ed
1090 3435 1210 3496 operare
1236 3429 1336 3476 contro

362 3508 392 3566 di
411 3508 465 3568 lui:
490 3511 564 3570 onde
583 3515 676 3591 qneeti
694 3515 803 3593 rispose
827 3512 1026 3573 ccll⁷orazione
1050 3510 1079 3566 di
1102 3510 1148 3580 eui
1166 3511 1218 3587 qui
1237 3509 1336 3587 parla‚

362 3601 389 3657 la
407 3603 490 3680 quale
509 3607 525 3662 ἑ
544 3605 626 3664 citata
651 3607 741 3666 anche
765 3607 801 3666 da
824 3605 900 3664 Aulo
924 3605 1017 3663 Gellio
1038 3624 1054 3661 e
1079 3603 1115 3660 da
1137 3601 1335 3674 Quintilianoi

363 3714 407 3750 ma
427 3715 477 3753 ora
495 3701 512 3755 ὸ
530 3698 666 3775 perdura,
690 3720 706 3758 e
729 3721 788 3758 non
812 3698 943 3756 abbiamo
962 3698 1033 3756 altro
1052 3696 1103 3754 che
1122 3695 1143 3751 il
1160 3715 1215 3752 suo
1233 3692 1333 3750 titolo:

366 3789 465 3845 Oratio
493 3789 632 3850 adversus
662 3797 827 3852 concionem
857 3791 966 3850 Metelli
995 3789 1091 3866 (Lett.
1122 3788 1216 3858 XIII,
1248 3784 1331 3848 xm

363 3877 437 3936 nino
457 3882 528 3940 cett.
548 3886 665 3958 xv111‚
684 3907 712 3964 7;
733 3885 921 3958 omninno,
940 3883 996 3954 nt,
1016 3881 1063 3958 3)-
