2882 5002
334 395 381 465 80
696 411 868 460 srrsroua
893 415 963 462 xix.
1030 451 1036 467 ,
1116 416 1194 462 nv.
1213 417 1242 462 c.
1259 416 1310 476 692

232 583 240 600 ,
333 517 577 590 decerneretur
611 515 784 616 frequenti
820 529 965 613 senatu,
997 529 1120 588 contra
1153 533 1334 617 pugnante

331 643 480 741 Pisone,
513 640 559 715 ad
586 641 696 741 pedes
726 642 884 714 omnium
917 640 1117 740 singillatim
1150 644 1334 719 accidente

332 767 472 868 Clodio,
496 783 536 842 ut
561 767 721 842 consules
737 766 911 868 populum
929 766 1197 844 cohortarentur
1214 771 1261 844 ad
1278 798 1334 846 ro·

331 897 508 996 gationem
533 893 791 996 accipiendam,
815 893 977 966 homines
997 894 1044 967 ad
1072 923 1119 968 xv
1137 897 1284 970 Curioni
1301 901 1332 948 ³²

330 1022 467 1096 nullum
491 1036 631 1095 senatus
649 1019 848 1094 consultum
866 1019 1007 1092 facienti
1033 1036 1273 1096 assenserunt:
1292 1052 1334 1096 ex

332 1150 439 1224 altera
464 1162 564 1248 parte
592 1147 692 1220 facile
705 1150 736 1198 33
754 1173 834 1220 cccc
859 1146 1008 1220 fuerunt
1033 1150 1123 1222 Acta
1139 1175 1194 1222 res
1220 1164 1276 1223 est
1293 1150 1333 1221 34.

331 1275 453 1348 Fufius
465 1277 497 1326 33
522 1275 580 1346 Tr.
606 1287 682 1346 tum
708 1274 890 1346 concessit.
917 1272 1062 1346 Clodius
1079 1277 1111 1325 ³⁶
1142 1278 1332 1350 conciones

330 1403 473 1474 miseras
490 1399 657 1499 habebat,
672 1401 711 1472 in
727 1399 854 1500 quibus
870 1399 1071 1501 Lucullum,
1087 1401 1337 1502 Hortensium,

331 1529 371 1601 C.
388 1528 583 1625 Pisonem,
594 1525 780 1600 Messalam
797 1525 977 1599 consulem
994 1528 1247 1602 contumeliose
1264 1529 1333 1602 lae-

333 1653 456 1753 debat,
479 1679 535 1725 me
561 1655 591 1719 ³⁷
617 1666 756 1726 tantum
780 1658 990 1754 comperisse
1019 1660 1140 1726 omnia
1171 1657 1335 1734 crimina-

330 1779 443 1852 batur.
469 1780 616 1852 Seuatus
642 1787 689 1852 et'
704 1777 748 1851 de
772 1779 964 1879 provinciis
981 1793 1200 1881 praetorum,
1226 1797 1264 1855 et
1289 1782 1334 1855 de

329 1905 560 2004 legationibus
571 1907 614 2006 ³⁸,
638 1919 675 1978 et
694 1905 738 1977 de
758 1907 882 1978 ceteris
907 1903 1012 1978 rebus
1038 1907 1267 2008 decernebat,
1292 1925 1335 1984 ut

331 2045 429 2132 ante,
454 2057 560 2133 quam
584 2032 719 2131 rogatio
744 2030 816 2103 lata
840 2045 948 2130 esset,
972 2057 1018 2105 ne
1048 2032 1134 2134 quid
1163 2049 1334 2133 ageretur.

381 2185 401 2258 7
429 2157 546 2230 Habes
571 2184 625 2230 res
651 2159 835 2230 Romanas.
859 2157 932 2229 Sed
957 2171 1075 2231 tamen
1092 2161 1198 2231 etiam
1222 2159 1334 2259 illud,

330 2281 427 2382 quod
442 2308 516 2355 nou
533 2310 709 2382 speraram
715 2340 726 2383 ,
744 2285 834 2356 audi.
854 2282 1002 2358 Messala
1021 2284 1144 2358 consul
1162 2291 1216 2358 est
1233 2313 1335 2384 egre-

329 2407 422 2507 gius,
446 2407 563 2508 sortis,
596 2424 775 2510 constans,
807 2409 978 2508 diligens,
1010 2411 1123 2482 nostri
1146 2409 1336 2510 laudator,

329 2548 480 2634 amator,
505 2536 669 2610 imitator.
697 2536 761 2608 Ille
788 2534 877 2609 alter
894 2562 966 2609 uno
983 2537 1070 2610 vitio
1087 2539 1203 2610 minus
1228 2523 1357 2614 vitio--⁸

329 2685 387 2731 sus
402 2662 451 2760 ³93
477 2661 574 2762 quod
598 2664 705 2761 iners,
731 2661 827 2764 quod
852 2663 967 2736 somni
983 2661 1126 2762 plenus,
1151 2663 1251 2764 quod
1267 2667 1339 2738 im-

327 2786 476 2886 peritus,
493 2787 591 2888 quod
608 2797 846 2886 ἀπρακτότατος,
871 2787 934 2861 sed
952 2787 1134 2862 voluntate
1151 2790 1202 2861 ita
1223 2801 1337 2883 καχέκ-

327 2938 399 3004 της,
424 2926 464 2984 ut
488 2913 699 3013 Pompeium
723 2928 806 3014 post
831 2913 928 2986 illam
946 2916 1168 3013 concionem,
1195 2941 1266 3017 qua
1287 2918 1337 2990 ab

329 3058 372 3106 eo
397 3051 537 3112 senatus
566 3038 729 3112 laudatus
754 3054 825 3140 est,
859 3040 975 3114 odisse
1009 3043 1171 3141 coeperit
1205 3044 1339 3146 Itaque

327 3160 456 3234 mirum
479 3163 517 3234 in
549 3164 696 3237 modum
729 3193 851 3240 omnes
885 3193 906 3239 a
938 3193 975 3238 se
1006 3165 1121 3240 bonos
1154 3167 1343 3244 alienavit.

327 3285 449 3387 Neque
473 3288 512 3362 id
536 3293 646 3389 magis
672 3293 829 3366 amicitia
853 3291 968 3366 Clodii
994 3292 1167 3366 adductus
1191 3295 1279 3368 facit
1292 3295 1344 3396 4⁰,

328 3437 434 3511 quam
455 3414 573 3489 studio
589 3417 806 3517 perditarum
822 3445 939 3492 rerum
957 3432 1061 3520 atque
1078 3421 1242 3518 partium.
1260 3422 1344 3496 Sed

326 3534 436 3616 habet
459 3540 512 3610 sui
537 3542 685 3617 similem
701 3546 739 3617 in
755 3543 1015 3643 magistratibus
1031 3542 1076 3642 4¹,
1100 3559 1242 3645 praeter
1258 3529 1344 3620 Fu-

327 3663 426 3763 fium,
442 3667 626 3741 neminem.
652 3671 766 3743 Bonis
784 3671 915 3743 utimur
932 3668 1080 3743 tribunis
1097 3669 1228 3770 plebis,
1244 3673 1348 3749 Cor-

326 3801 415 3861 nuto
441 3818 524 3866 vcro
550 3795 843 3894 pseudo-Catone.
871 3795 968 3888 Quid
994 3795 1151 3897 quaerisl

377 3917 528 3993 8Nunc
562 3935 601 3993 ut
633 3922 678 3994 ad
711 3924 851 4024 privata
887 3922 1051 4018 rcdcam,
1086 3928 1212 4020 Τεῦκρις
1245 3951 1348 4025 pro-
