2886 5000
315 401 383 476 noo
641 461 644 473 ‚
669 396 844 449 natarent
867 399 960 450 xxix.
1091 397 1121 446 a.
1141 401 1174 450 v.
1194 401 1221 448 c.
1240 397 1289 450 69³

311 505 411 602 peric
429 497 553 602 populi
570 497 740 599 Romani,
762 503 835 592 suis
852 500 1043 599 institutis,
1067 527 1131 600 per
1147 528 1185 574 se
1200 503 1268 601 ipsi
1281 518 1309 568 71

275 624 278 630 ’
310 631 361 704 ita
384 629 530 702 luerunt.
558 627 700 702 Nomen
719 641 835 702 autem
851 626 1030 730 publicani
1046 630 1224 728 aspernari
1241 653 1313 701 non

312 769 478 857 possunt,
504 755 564 856 qui
589 753 745 854 pendere
769 755 838 855 ipsi
863 753 1011 853 vectigal
1029 755 1103 826 sine
1122 733 1312 854 publicano

310 898 385 948 non
410 885 619 973 potuerunt,
645 871 742 972 quod
772 871 814 944 iis
844 869 1033 982 aequaliter
1061 869 1154 942 Sulla
1185 870 1314 943 descri-

311 1013 431 1098 pserat
448 1016 487 1070 7¹.
513 998 595 1073 Non
628 1025 703 1072 esse
736 1010 854 1071 autem
885 995 1033 1070 leniores
1067 997 1104 1068 in
1136 996 1313 1094 exigendis

311 1124 539 1224 vectigalibus
565 1125 738 1210 Graecos,
772 1151 878 1226 quam
910 1136 1050 1198 nostros
1082 1119 1314 1224 publicanos,

311 1251 394 1324 hinc
420 1251 564 1349 intelligi
589 1263 724 1350 potest,
748 1250 845 1351 quod
870 1251 997 1324 Caunii
1020 1237 1148 1350 nuper,
1174 1257 1313 1322 omnesss

313 1404 380 1478 que
406 1403 448 1449 ex
473 1374 611 1476 insulis,
637 1402 726 1477 quae
752 1390 853 1450 erant
878 1375 923 1449 ab
958 1374 1052 1448 Sulla
1084 1373 1233 1452 Rhodiis
1266 1387 1316 1446 at

313 1504 481 1602 tributae²
506 1502 738 1601 confugemnt
753 1502 801 1575 ad
816 1516 993 1602 senatum,
1018 1500 1121 1574 nobis
1137 1515 1178 1573 ut
1194 1501 1314 1600 potius
1426 1555 1427 1558 ,

313 1630 480 1730 vectigal,
505 1613 610 1732 quam
627 1625 791 1728 Rhodiis,
815 1629 1019 1729 penderent.
1045 1629 1164 1722 Quare
1181 1650 1314 1700 nomen

258 1745 260 1752 ¹
312 1757 503 1860 publicani
517 1764 630 1858 neque
663 1756 689 1828 ii
723 1755 855 1833 debent
886 1755 1027 1830 horrere
1038 1810 1049 1855 ‚
1083 1755 1144 1856 qui
1175 1777 1316 1853 semper

313 1883 500 1982 vectigales
525 1883 681 1980 fuemnt3
704 1908 819 1984 neque
842 1883 867 1954 ii
893 1881 1086 1982 aspernari7
1111 1881 1172 1981 qui
1196 1903 1315 1979 perse

313 2009 467 2110 pendere
486 2008 633 2107 vectigal
649 2035 722 2083 non
746 2021 955 2109 potuerunt5
980 2033 1094 2108 neque
1110 2007 1136 2077 ii
1152 2031 1314 2079 recusare

314 2135 374 2236 qui
406 2127 681 2235 postulaverunt.
720 2134 831 2206 Simul
863 2147 899 2206 et
930 2133 1017 2206 illud
1045 2133 1129 2206 Asia
1160 2133 1316 2229 cogitet,

311 2259 446 2332 nullam
470 2287 492 2332 a
509 2285 546 2332 se
571 2286 686 2362 neque
710 2259 794 2332 belli
820 2235 971 2358 externi7
994 2284 1107 2359 neque
1126 2257 1316 2330 discordia-

313 2411 391 2458 rum
417 2385 686 2459 domesticarum
713 2385 948 2460 calamitatem
973 2384 1171 2457 abfuturum
1195 2383 1316 2480 fuisse,

312 2511 342 2582 si
367 2510 436 2583 hoc
461 2512 607 2612 imperio
629 2538 702 2585 non
721 2525 905 2584 teneretur.
932 2508 976 2582 Id
993 2523 1110 2581 autem
1127 2509 1314 2607 imperium

312 2617 421 2737 quum
446 2637 587 2709 retineri
612 2639 686 2710 sine
712 2635 940 2734 vectigalibus
965 2634 1063 2707 nullo
1089 2634 1197 2706 modo
1232 2659 1314 2732 pos-

311 2762 370 2860 sit,
396 2788 507 2864 aequo
534 2765 651 2836 animo
678 2777 779 2863 parte
813 2761 928 2863 aliqua
962 2786 1104 2834 suorum
1136 2743 1315 2831 ¹fructuum

312 2913 437 2985 pacem
463 2888 529 2960 sibi
554 2890 804 2989 sempiternam
829 2887 979 2960 redimat
1006 2900 1111 2987 atque
1137 2886 1259 2958 otium.

361 3013 442 3084 XII.
469 3013 577 3105 Quod
602 3015 631 3086 si
656 3040 766 3114 genus
790 3015 907 3114 ipsum
934 3025 970 3085 et
987 3033 1116 3085 nomen
1137 3008 1317 3110 publicani

311 3157 385 3208 non
410 3138 529 3238 iniquo
543 3141 672 3213 'animo
699 3139 942 3223 sustinebunt:
968 3138 1212 3239 poteruntne,
1232 3161 1317 3208 con-

310 3261 388 3334 silio
414 3276 450 3335 et
474 3265 756 3366 prudentiam,
780 3247 912 3366 reliqua
931 3263 1046 3338 videri
1064 3264 1212 3336 mitiora.
1229 3263 1318 3333 Pos-

312 3400 395 3460 sunt
413 3387 466 3480 jn
483 3390 709 3490 pactionibus
726 3407 758 3458 '7²
784 3383 955 3492 faciendis
990 3411 1064 3462 non
1095 3385 1207 3486 legem
1242 3411 1320 3486 spe-

205 3539 207 3542 ·
311 3527 406 3586 ctare
432 3519 643 3616 censoriam7
668 3517 730 3590 sed
753 3518 873 3618 potius
907 3513 1204 3588 commoditatem
1237 3540 1320 3586 con·

311 3639 453 3713 liciendi
477 3645 608 3740 negotii
641 3657 677 3716 et
709 3643 953 3716 liberationem
996 3638 1184 3714 molestiae.
1210 3639 1320 3713 Potes

310 3765 416 3838 etiam
443 3781 481 3839 tu
498 3768 536 3840 id
554 3769 682 3868 facere⁷
707 3768 804 3871 quod
820 3782 857 3840 et
873 3768 987 3840 fecisti
1007 3768 1142 3864 egregie
1160 3780 1196 3837 et
1213 3765 1321 3861 sacis,

310 3904 350 3960 ut
374 3918 627 3970 continemores
654 3909 784 3996 qrranta
810 3894 908 3968 sitin
925 3891 1123 3995 publicanis
1147 3881 1318 3990 dignitas,
