2932 5000
333 389 403 483 364
693 407 964 462 sunortrionrs

370 535 408 576 eo
428 514 541 602 puriter
560 513 682 573 nomine
702 512 849 594 postulari
869 521 1024 594 poterant3
1045 505 1207 594 dequibus
1228 524 1328 576 tomen

370 620 487 682 nullum
509 619 622 680 SCtum
643 618 756 680 factum
777 619 884 680 fueret.
1324 599 1326 603 ,

335 749 371 810 ¹9
390 728 540 786 Nimirum
559 736 680 807 praeter
699 725 812 786 fectum
832 724 872 784 ab
892 726 927 785 iis
940 727 972 785 in
985 723 1097 786 iudicio
1111 725 1219 788 Clodii.
1239 728 1328 788 Aliae

369 831 494 894 deliciae
513 843 597 903 sunt,
617 853 694 912 quae
708 839 889 912 sequuntur,
909 830 947 892 de
960 831 1111 912 equitibus
1125 835 1256 905 Asianis,
1274 837 1328 916 qui

369 939 526 1022 vectigalia
543 941 671 998 nimium
685 959 796 1020 magno
809 959 827 998 a
841 937 1021 1000 Censoribus
1035 938 1247 1000 conduxerant.
1262 940 1326 1000 De-

369 1047 452 1108 liciae
471 1066 580 1128 nempe
602 1056 753 1132 εἰρωνικῶς.
855 1095 857 1102 ,

329 1173 367 1213 20
387 1153 474 1215 Vnus
494 1173 549 1212 ms.
562 1151 677 1212 Maffeii
698 1150 780 1234 apud
793 1149 921 1234 Malasp.
935 1150 1071 1222 Asiatici,
1092 1151 1174 1232 quod
1188 1152 1245 1234 ipsi
1262 1151 1326 1212 Mn-

367 1259 440 1341 lasp.
460 1257 615 1341 plecebet3
634 1278 730 1338 quum
750 1257 881 1319 Asianus
895 1256 1005 1339 gentile
1019 1259 1073 1329 sit,
1094 1278 1128 1316 ex
1142 1257 1273 1340 Asiaque
1286 1261 1326 1318 si-

367 1365 505 1448 gnificet,
532 1376 567 1426 ut
592 1363 767 1446 Hispanm3
793 1374 824 1426 et
849 1363 998 1426 Asiaticus
1024 1361 1227 1424 habitationis.
1254 1363 1324 1423 Mox

367 1471 574 1534 conduxerant
593 1482 670 1534 esta
691 1472 839 1543 Gruterc,
859 1470 951 1552 idque
971 1472 1062 1551 exigit
1081 1469 1211 1531 verbum
1228 1483 1329 1553 postu·

367 1580 513 1656 lavercum
533 1581 633 1639 minus
653 1577 731 1639 bene
752 1577 803 1637 alii
823 1577 893 1638 libri
914 1576 1129 1639 conduxerunt.

328 1706 361 1746 21
386 1686 459 1748 Ver.
481 1685 547 1746 nld.
567 1698 597 1746 et
617 1698 648 1746 ιιι
668 1686 685 1744 i.
692 1729 703 1758 ,
722 1683 829 1746 melius
849 1684 922 1746 Vcr.
943 1681 1017 1744 Silb.
1039 1695 1127 1766 utque
1147 1682 1206 1743 ind.

327 1812 364 1851 υ
386 1790 473 1852 nmb.
500 1813 533 1872 ¹7
555 1802 585 1852 et
604 1789 711 1850 Lamb.
733 1791 939 1852 liberalissimo.

326 1898 365 1957 23
385 1897 452 1958 Lib.
472 1898 588 1978 aliquot
607 1899 752 1956 istasunt
771 1910 831 1958 tam
851 1899 869 1958 i.
898 1898 1062 1970 Nimirum,
1089 1895 1250 1959 concordia
1279 1918 1326 1957 se-
1440 1939 1446 1955 .

365 2015 454 2064 notus
475 2025 545 2064 cum
566 2003 833 2085 ordineequestri.

317 2111 365 2188 ³4
385 2110 614 2172 simulationem
634 2110 782 2194 Pompeii.

325 2217 365 2279 25
384 2217 480 2278 Allert
495 2220 660 2290 nationem,
680 2239 736 2278 cur
755 2218 902 2280 Lucceius
922 2239 1126 2301 praepropere
1145 2228 1237 2300 petat.

325 2324 364 2385 26
383 2325 522 2386 Ernestio
550 2336 581 2386 et
609 2323 750 2386 Schiitzio
777 2325 862 2387 obest
886 2346 1074 2408 praenomen
1108 2324 1215 2396 Coim,
1242 2324 1326 2408 quod

363 2431 433 2491 libri
455 2452 559 2492 omnes
579 2430 708 2492 hebent:
730 2435 794 2493 sine
814 2431 908 2492 dubio
929 2443 974 2493 est
994 2453 1081 2494 error
1102 2452 1277 2514 operarum.

240 2601 246 2610 ,
325 2559 362 2617 27
384 2539 465 2616 Quin
485 2538 623 2600 venalem
643 2538 793 2600 faciebant
813 2538 1011 2600 consulatum.

325 2643 364 2705 28
385 2644 441 2704 Ms.
462 2644 579 2706 Vrsini:
606 2644 647 2704 Te
667 2644 769 2728 quoad
787 2666 812 2705 e.
833 2668 857 2706 v.
878 2645 963 2726 quod
982 2645 1076 2726 aliqui
1097 2655 1286 2727 receperunt.

324 2769 364 2832 ²9
383 2749 434 2811 Sic
453 2751 541 2834 plene
561 2753 730 2812 invenimus
750 2754 782 2812 in
802 2750 848 2812 ed.
870 2752 946 2813 Iens.
967 2751 1059 2832 Vulg.
1085 2751 1241 2812 Decembr.
1262 2751 1328 2814 Vo-

362 2877 409 2918 ces
429 2857 548 2919 dierum
568 2869 598 2919 ct
623 2861 772 2920 mensium
798 2859 887 2942 plene
912 2860 1000 2920 toties
1028 2857 1182 2930 dabimus,
1208 2860 1328 2940 quoties

361 2973 447 3024 vetus
467 2965 568 3046 alique
588 2964 635 3025 ed.
655 2965 702 3026 vel
722 2965 800 3026 liber
820 2967 947 3048 serIptus
961 2965 993 3025 id
1006 2964 1228 3048 suppeditabit3
1250 2987 1326 3026 con-

361 3068 490 3131 sulentes
509 3070 569 3132 hoc
588 3071 680 3134 modo
701 3070 941 3134 adolescentibus
961 3077 1024 3133 non
1043 3075 1086 3133 ita
1105 3071 1238 3133 multum
1266 3071 1326 3132 ho-

360 3193 429 3232 rum
449 3179 606 3238 nominum
625 3179 753 3240 lectione
773 3181 910 3261 expertis.
931 3178 967 3239 Id
981 3181 1047 3240 iam
1062 3179 1187 3240 fecimus
1201 3199 1249 3261 ep.
1264 3178 1327 3238 XX

360 3289 432 3339 extr.
453 3301 518 3342 voe
540 3283 672 3358 Martiis,
693 3295 723 3345 et
742 3305 788 3368 ep.
809 3304 875 3367 sup.
896 3285 916 3346 5
935 3287 998 3346 init.

765 3497 881 3558 XXIII.

274 3783 275 3788 η
321 3727 333 3766 1
359 3705 485 3790 Quicum
504 3708 554 3770 bic
573 3710 631 3772 Ioci
652 3721 698 3772 est
717 3731 804 3772 error
825 3730 1005 3792 opernrum;
1026 3712 1157 3772 rescribe
1177 3731 1324 3795 qcoewn3

356 3817 411 3875 etsi
431 3813 506 3878 hoec
525 3817 587 3879 duo
607 3819 778 3901 saepissime
798 3819 830 3876 in
849 3837 919 3878 mss.
943 3830 1183 3893 commutantur,
1203 3830 1234 3880 et
1252 3819 1321 3881 edd.

356 3921 432 3984 Iens.
454 3924 563 3988 Miuut.
583 3924 698 3988 habent
718 3923 777 3985 boc
798 3922 865 3985 loco
884 3925 1008 4006 quicwn.
1065 4001 1068 4014 Ι
