2882 5002
311 395 359 464 88
671 405 840 458 errorem
864 407 934 456 xxr.
1090 401 1168 452 nv.
1187 403 1214 449 c.
1232 403 1281 464 οφ

310 517 447 617 peravit
478 537 551 585 rem
585 509 757 584 deducere
788 510 826 582 in
857 506 1048 604 iudicium3
1074 531 1183 606 quum
1207 505 1309 576 illum

311 637 478 741 plumbeo
504 634 649 734 gladi0⁶
671 632 865 732 iugulatum
885 633 928 706 iri
945 645 1064 704 tamen
1081 630 1220 702 diceret.
1237 627 1310 700 ¹Sed

312 765 497 862 iudicium,
522 762 552 834 si
577 761 730 862 quaeris,
755 758 856 862 quale
880 757 1001 855 fuerit,
1025 754 1221 828 incredibili
1242 756 1313 827 exi-

314 905 353 962 tu
360 919 370 990 3
396 889 463 989 sic,
499 888 550 959 uti
582 911 677 958 nunc
710 912 753 958 err
785 891 914 959 eventu
943 882 987 956 ab
1014 881 1106 982 aliis,
1131 909 1152 953 a
1177 907 1233 952 me
1259 893 1317 952 ta-

314 1043 398 1092 men
423 1041 465 1087 ex
490 1015 568 1116 ipso
593 1013 693 1086 initio
719 1010 903 1085 consilium
918 1010 1097 1084 Hortensii
1122 1007 1317 1108 reprehen-

318 1144 429 1246 datur.
465 1141 557 1214 Nam
592 1155 634 1212 ut
670 1139 845 1213 reiectio?
882 1137 973 1210 lacta
998 1113 1067 1210 'est
1104 1134 1320 1208 clamoribus

317 1267 493 1364 mammis,
518 1291 626 1367 quum
652 1277 833 1337 accusator
848 1262 876 1361 ⁸,
902 1276 1081 1362 tamquam
1106 1259 1321 1334 censorbo-

319 1420 404 1491 nus,
427 1392 586 1464 homines
604 1390 833 1490 nequissimos
849 1389 1023 1462 reliceret:
1038 1413 1118 1460 reus
1136 1399 1320 1486 tamquam

321 1517 473 1590 clemens
504 1515 629 1588 lanista
647 1532 673 1613 ⁹,
710 1513 975 1612 frugalissimum
1006 1537 1178 1613 quemque
1203 1537 1321 1585 secer-

321 1658 436 1742 neret3
461 1655 501 1713 ut
525 1641 676 1740 primum
700 1639 834 1713 iudices
861 1639 1110 1738 consederunt,
1126 1636 1230 1712 valde
1257 1639 1323 1713 dil-

322 1769 430 1841 fidere
454 1766 539 1839 boni
566 1778 764 1865 coeperunt.
790 1765 872 1838 Non
890 1766 983 1837 enim
998 1791 1165 1866 umquam
1182 1766 1324 1864 turpior

323 1890 470 1967 inludo
501 1890 627 1964 ¹talario
660 1915 841 1965 consessus
873 1889 954 1963 luit:
985 1889 1154 1963 maculosi
1179 1905 1323 1964 senato·

324 2046 398 2119 res,
422 2017 509 2090 nudi
533 2017 683 2119 equites,
699 2016 831 2114 tribuni
854 2042 928 2090 non
951 2029 1024 2090 tam
1051 1994 1174 2117 aereti,
1198 2044 1325 2118 quam,

326 2157 367 2218 ut
383 2142 613 2243 appellentur,
624 2143 791 2215 aerarii¹⁰.
807 2142 917 2216 Peuci
933 2154 1052 2214 tamen
1067 2139 1155 2214 boni
1171 2143 1324 2242 inerant,

329 2294 417 2369 quos
442 2268 628 2340 reiectione
661 2267 779 2365 fugare
798 2283 825 2318 ¹¹
852 2265 910 2340 ille
940 2291 1014 2340 non
1045 2280 1233 2368 potuerat,
1263 2270 1327 2370 qui
1431 2313 1434 2320 r

325 2393 454 2465 maesti
485 2393 578 2464 inter
610 2396 663 2464 sui
697 2390 901 2491 dissimiles,
933 2405 970 2464 et
1005 2406 1198 2466 maerentes
1224 2394 1328 2466 sede·

329 2516 433 2617 bant,
457 2531 495 2590 et
519 2519 727 2617 contagione
752 2507 979 2623 turpitudinis
999 2518 1225 2592 vehementer
1249 2545 1330 2620 per·
1422 2521 1424 2526 ’

326 2630 571 2718 movebantur.
589 2645 674 2745 Hic,
690 2658 731 2716 ut
748 2671 905 2746 quaeque
920 2627 1040 2717 resad
1058 2645 1240 2718 consilium
1258 2648 1330 2745 pri·

330 2769 396 2843 mis
413 2768 706 2870 postulationibus
725 2783 755 2823 ⁸²
771 2769 1000 2870 referebatur,
1021 2771 1234 2868 incredibilis
1252 2787 1330 2847 crat

331 2895 516 2994 severitas,
539 2894 635 2969 nulla
659 2898 826 2970 varietate
851 2897 1121 2995 sententiarum3
1152 2897 1240 2969 nihil
1266 2899 1330 2972 im·

327 3032 488 3119 -petrarat
511 3047 604 3121 reus3
629 3020 708 3121 plus
734 3025 930 3097 accusatori
954 3022 1111 3122 dabatur,
1136 3051 1242 3125 quam
1263 3051 1333 3126 po-

275 3132 280 3138 *
333 3143 503 3244 stulabat3
540 3146 779 3248 triumphabat
816 3147 927 3250 (quid
964 3148 1143 3251 quaerisl)
1180 3151 1336 3225 Horten·

335 3267 423 3368 sius,
447 3295 484 3342 se
508 3269 638 3344 vidisse
663 3284 800 3346 tantum
815 3259 866 3373 ¹¹³3
898 3299 1003 3348 nemo
1028 3288 1119 3374 erat,
1149 3277 1208 3376 qui
1233 3275 1335 3350 illum

288 3445 295 3464 .
335 3419 450 3493 reum,
475 3421 614 3470 acuon
637 3395 762 3470 millies
792 3398 1065 3472 condemnatum
1095 3398 1334 3476 arbitraretur.

336 3519 395 3590 Me
420 3545 504 3594 vero
528 3535 617 3596 teste
650 3521 842 3632 producto,
875 3523 980 3598 credo
1010 3539 1064 3625 te,
1095 3551 1138 3598 ex
1163 3527 1337 3602 acclama-

338 3645 433 3718 tione
451 3646 564 3720 Clodii
579 3645 609 3715 ¹l
627 3649 896 3750 advocatorum,
913 3649 1065 3750 audisse,
1082 3677 1171 3752 quae
1194 3678 1339 3728 consur·

326 3771 449 3846 rectio
474 3772 629 3848 iudicum
653 3773 746 3848 lacte
770 3776 833 3873 sit,
864 3789 904 3847 ut
935 3801 992 3850 me
1018 3777 1337 3879 circumsteterint,

324 3908 379 3968 -ut
403 3912 522 3999 aperte
547 3899 661 4000 iugula
695 3923 756 4012 sua
792 3927 858 4000 pro
894 3926 974 3978 meo
1002 3903 1118 4003 capite
1142 3905 1181 3977 P.
1208 3905 1337 4006 Clodio
