2924 5002
345 415 417 492 336
706 437 976 494 Auuortrrouzs

278 599 280 608 .
343 549 361 606 3
382 543 604 625 Mortyni-Lag.
626 550 656 602 et
675 539 786 602 Sclu’itz
805 564 880 626 quas
899 545 1001 604 misisti
1019 543 1129 617 literas,
1150 557 1185 606 ut
1205 547 1278 608 alias
1293 548 1343 609 Ci-

347 628 348 636 *
382 672 460 711 cero.
1158 733 1160 738 μ

340 760 360 834 4
381 756 468 817 Amb.
491 777 524 825 2,
552 775 621 815 cum
644 755 736 816 Herv.
756 766 787 815 et
808 755 913 816 Lamb.
935 768 1050 828 mutuo,
1070 768 1101 817 et
1122 757 1164 818 sic
1184 759 1258 820 alias
1279 760 1341 821 fere

380 883 498 944 semper
519 861 634 922 Cicero.

339 969 519 1029 osiacum
540 967 622 1048 vulg.
645 989 723 1028 unus
745 967 831 1028 Amb.
854 989 897 1038 n,
911 980 942 1028 at
962 967 1063 1029 Recal.
1085 981 1116 1030 et
1128 971 1187 1031 Zel.
1209 972 1242 1032 B.
1270 995 1341 1033 cum

379 1076 424 1135 ed.
445 1076 533 1133 Rom.
556 1075 646 1133 Herv.
665 1084 694 1134 et
719 1074 825 1133 Lamb.
851 1074 1064 1150 adtenuatae
1086 1076 1170 1158 quod
1191 1079 1340 1159 praefero,

339 1181 360 1242 6
380 1181 448 1241 Scil.
471 1182 501 1240 in
522 1180 697 1251 consulatu,
718 1201 812 1262 quum
841 1180 948 1241 urbem
969 1181 1009 1242 ob
1030 1184 1169 1242 intestino
1195 1184 1342 1246 Catilinae

380 1287 489 1348 scelere
509 1287 655 1371 defendit,
675 1298 710 1346 ut
730 1289 773 1346 nit
793 1308 839 1370 ep.
860 1287 953 1358 XIV,
978 1310 1001 1347 1.
1023 1289 1121 1348 Huius
1140 1291 1184 1349 rei
1206 1291 1341 1370 gratula-

380 1397 491 1454 tionem
514 1416 531 1453 a
551 1395 699 1475 Pompeio
721 1395 861 1454 omissam
877 1397 908 1453 in
921 1394 1014 1454 literis
1035 1394 1074 1454 ad
1091 1405 1228 1455 senatum
1242 1399 1339 1458 missis

380 1523 416 1561 eo
438 1499 643 1560 vehementius
664 1500 760 1572 dolet,
782 1521 843 1581 quo
863 1499 986 1582 publica
1008 1504 1039 1560 in
1060 1500 1234 1564 huiusmodi
1255 1502 1338 1564 factis

352 1609 548 1668 'testimonia
578 1606 695 1666 ovidius
727 1606 956 1690 aucupabatur3
989 1629 1050 1689 qua
1080 1607 1116 1667 de
1148 1629 1180 1668 re
1216 1609 1337 1670 consule

258 1761 263 1776 ,
350 1731 354 1736 “
378 1737 424 1798 ep.
444 1715 537 1786 XIV,
563 1737 585 1775 r.

249 1827 250 1843 ¹
339 1845 355 1901 7
378 1823 412 1880 ln
434 1821 521 1880 Amh.
541 1821 566 1881 6.
581 1821 663 1881 deest
683 1842 752 1880 esse.
1165 1885 1170 1891 ,

336 1928 356 1988 8
377 1928 506 1987 Faciunt
527 1948 597 1987 cum
612 1927 692 2009 vulg.
714 1926 840 1987 lectione
853 1926 962 1986 tmbb.
983 1947 1000 1986 α
1015 1937 1049 1988 et
1063 1949 1106 1987 12.
1126 1925 1240 1996 Sensus
1255 1933 1334 2008 enim

313 2081 319 2086 .
364 2032 572 2093 ,dubitationis
594 2043 645 2094 est.
668 2034 766 2094 Ceteri
781 2034 829 2094 vel
843 2035 976 2094 verebare
991 2056 1060 2094 cum
1075 2033 1180 2095 hamb.
1196 2045 1227 2094 et
1242 2036 1334 2096 Grae-

375 2146 441 2212 vio,
460 2140 508 2200 vel
530 2151 672 2221 corrupte
692 2161 805 2213 verere,
825 2151 855 2201 et
875 2161 994 2200 vererer.
1014 2189 1018 2198 .

335 2269 356 2327 9
375 2245 505 2307 Videtur
526 2245 693 2327 intelligere
715 2247 872 2307 Caesarem
893 2258 923 2306 et
944 2247 1103 2317 Crassum,
1126 2267 1203 2328 quos
1229 2251 1335 2308 coniu·
1445 2295 1446 2298 η

374 2355 483 2412 rationi
504 2352 696 2412 Catilinariae
716 2354 823 2414 favisse
844 2355 975 2434 suspicio
995 2364 1066 2415 erat.
1090 2349 1209 2414 Schiitz.

339 2481 373 2519 ro
393 2459 486 2519 Recte
507 2459 670 2530 Graevius,
691 2462 738 2519 cui
760 2459 980 2541 adstipulantur
1002 2459 1111 2520 Ambb.
1139 2480 1266 2532 omnes,
1293 2481 1336 2520 me
1445 2457 1446 2487 r

373 2586 432 2624 non
451 2587 488 2625 m.
512 2567 657 2625 minorem.
685 2567 751 2624 Non
779 2568 821 2624 ita
847 2564 923 2626 bene
951 2563 1048 2624 Gebh.
1075 2566 1151 2638 Ern.⁸
1178 2577 1210 2626 et
1238 2589 1334 2650 nuper
1444 2571 1445 2588 ¹

373 2670 506 2731 Clericus
528 2685 624 2732 tumen
643 2693 700 2754 pro
720 2693 767 2732 me
789 2671 943 2732 dederunt.
963 2671 1021 2731 Ed.
1043 2671 1135 2732 Herv.
1156 2693 1203 2732 me
1225 2685 1333 2732 tannen.
1443 2715 1444 2728 ,

372 2777 452 2836 Tum
467 2779 545 2839 vict.
567 2790 597 2838 et
609 2777 730 2851 Lamb.‚
751 2778 861 2859 quibus
879 2778 1083 2859 suffiugautur
1104 2777 1213 2840 Ambb.
1234 2781 1267 2851 3,
1285 2781 1331 2850 13,

371 2905 388 2962 7
410 2894 439 2943 et
462 2885 498 2960 14
516 2906 606 2967 quam
625 2884 759 2955 Laelius,
780 2885 849 2946 licet
867 2884 929 2944 duo
943 2885 1042 2945 ultimi
1065 2885 1184 2946 Laeuo
1198 2887 1230 2946 in
1252 2885 1327 2946 Loe-

372 2989 441 3047 lium
468 2992 656 3050 correxerint.
688 2991 786 3073 Quum
813 2991 933 3051 Laelius
959 2991 1121 3073 respondet
1149 3013 1215 3073 sup⁴
1243 3012 1330 3074 quum

373 3094 610 3178 Africanus'suit.
1338 3079 1340 3084 Ι
1441 3161 1442 3232 p

774 3257 780 3282 Ι
791 3310 875 3370 Xlll.

335 3540 344 3576 1
370 3502 455 3580 Vnus
476 3520 564 3582 Amh.
591 3521 625 3582 15
646 3521 728 3583 addit
748 3544 800 3603 ego
819 3527 937 3605 quoque
955 3523 1047 3584 valeo.

331 3645 347 3682 2
370 3624 419 3684 Sic
442 3637 511 3706 post
535 3627 615 3687 Man.
647 3629 721 3707 1543
742 3631 914 3701 Victorius,
946 3629 1069 3699 Lamb.,
1097 3629 1319 3710 lllartyni-Lag.

367 3741 397 3790 et
415 3752 511 3814 nuper
533 3733 650 3794 Schiitz.
674 3734 850 3818 Oppouitur
871 3749 909 3816 τῷ
923 3757 975 3794 nec
988 3736 1151 3795 Metellum·
1166 3735 1225 3796 Ed.
1241 3738 1321 3796 Rom.

370 3837 445 3920 1469
465 3860 556 3921 neque
577 3863 621 3901 me
642 3844 788 3902 absentem
810 3861 938 3924 unquam
951 3862 971 3901 a
987 3855 1026 3916 te3
1051 3842 1140 3904 Herv.
1157 3864 1211 3904 nec
1225 3845 1322 3904 absen-

366 3954 422 4002 tem
443 3945 565 4008 ludibrio
588 3949 699 4009 laesum
719 3950 756 4009 iri
774 3971 827 4009 me.
854 3948 908 4008 Alii
931 3948 1029 4008 delent
1050 3969 1103 4007 me.
