2882 5002
316 404 382 477 150
660 422 829 490 serscons
854 425 948 472 xxvi.
1086 421 1164 473 nv.
1182 423 1210 471 c.
1228 424 1276 486 ⁶9³

307 528 378 600 Sed
409 551 522 628 neque
551 549 763 625 magnopere
797 525 869 598 dixi
900 548 976 596 esse
1005 521 1108 596 nobis
1139 523 1300 598 laboran-

307 653 393 726 dum
412 653 457 724 ¹⁸:
484 651 579 753 quod
604 650 714 726 nihilo
739 649 850 749 magis
867 649 900 722 ei
916 648 1090 723 liciturum
1112 663 1203 722 esset
1225 649 1301 751 ple-

306 777 386 851 beio
411 805 486 854 rem
509 777 686 879 publicam
710 778 879 878 perdere,
904 803 1008 879 quam
1025 774 1193 849 similibus
1211 779 1301 877 eius,

307 931 363 976 me
388 901 546 1002 consule,
571 905 725 1006 patriciis
744 883 836 977 esset
859 902 994 976 licitum
1013 919 1051 974 ¹9.
1076 905 1166 1002 Iam,
1191 929 1299 1004 quum

306 1056 344 1102 se
360 1027 417 1101 ille
435 1030 586 1129 septimo
605 1028 661 1102 dic
675 1029 814 1103 venisse
832 1055 852 1102 a
869 1030 958 1102 freto
971 1045 1012 1127 ²⁰,
1028 1055 1142 1130 neque
1158 1027 1224 1100 sibi
1240 1028 1300 1100 ob-

307 1154 401 1227 viam
425 1181 635 1259 quemquam
659 1154 802 1262 prodire
817 1155 993 1254 potuisse,
1018 1167 1054 1226 et
1069 1168 1175 1228 noctu
1194 1179 1231 1227 se
1248 1156 1299 1227 in·

305 1279 429 1352 troisse
455 1279 610 1378 dixisset,
635 1281 673 1352 in
698 1304 809 1380 eoque
826 1307 863 1352 se
880 1281 918 1352 in
935 1280 1104 1356 concione
1120 1281 1299 1354 iactasset:

305 1405 392 1478 nihil
416 1409 448 1478 ei
471 1407 557 1479 novi
577 1405 647 1478 dixi
673 1405 855 1504 accidissc3
881 1431 924 1478 ex
940 1405 1055 1478 Sicilia
1072 1406 1221 1504 septimo
1240 1404 1299 1478 die

304 1531 452 1604 Romam
468 1546 516 1628 ²¹5
542 1530 650 1603 tribus
676 1530 772 1603 horis
793 1531 904 1603 Roma
920 1532 1156 1603 Interamnam
1162 1556 1173 1628 5
1188 1543 1297 1602 noctu

244 1731 254 1750 χ
303 1654 465 1728 introisse
501 1655 587 1726 item
615 1668 696 1726 ante
708 1681 719 1752 3
750 1680 838 1748 non
855 1680 929 1728 esse
960 1655 1050 1726 itum
1081 1653 1222 1728 obviam
1253 1681 1299 1727 ne

202 1831 205 1840 ι
304 1792 379 1852 tum
396 1779 554 1881 quidem,
578 1807 685 1880 quum
701 1780 743 1852 iri
760 1778 909 1852 maxime
927 1779 1056 1854 debuit.
1081 1779 1178 1870 Quid
1195 1806 1298 1881 quae·

302 1904 369 1977 risl
393 1904 571 1978 hominem
595 1903 811 2004 petulantem
837 1904 1037 1978 modestum
1060 1903 1188 2004 reddo,
1221 1931 1296 1978 non

302 2029 415 2106 solum
439 2045 607 2131 perpetua
626 2032 795 2130 gravitate
813 2031 997 2130 orationis,
1022 2031 1207 2104 sedetiam
1225 2031 1296 2105 hoc

302 2179 426 2253 genere
451 2155 634 2230 dictomm.
660 2158 782 2258 Itaque
806 2157 876 2228 iam
892 2155 1103 2232 familiariter
1118 2184 1200 2230 oum
1215 2158 1295 2258 ipso

301 2281 407 2352 etiam
433 2281 577 2355 cavillor
601 2308 643 2354 ac
666 2283 773 2355 iocor.
800 2283 1045 2382 Quinetiam,
1076 2309 1184 2384 quum
1216 2310 1297 2360 can·

301 2403 459 2478 didatum
486 2406 736 2480 deduceremus
749 2424 791 2507 ²²,
808 2408 943 2509 quaerit
959 2433 1001 2480 ex
1016 2433 1090 2508 me,
1106 2433 1192 2480 num
1209 2433 1296 2481 cond

299 2554 452 2603 suessam
477 2531 599 2604 Siculis
615 2531 733 2605 locum
752 2532 1000 2632 gladiatoribus
1018 2533 1118 2608 darei
1135 2535 1166 2583 ²³
1191 2557 1296 2632 nega·

298 2655 344 2729 vi.
378 2657 449 2730 «At
469 2683 551 2756 egO,
574 2659 705 2760 inquit,
730 2684 843 2733 novus
868 2671 1037 2760 patronus
1053 2655 1086 2725 ²4
1103 2659 1294 2732 instituam.

299 2777 368 2851 Sed
408 2806 532 2868 soror,
566 2809 654 2884 quae
688 2797 825 2855 tantum
849 2763 960 2858 habet¹
988 2776 1177 2857 consularis
1206 2782 1295 2886 loci,

296 2927 406 2976 unum
421 2907 507 2978 milri
524 2906 637 2980 solum
654 2908 783 3010 pedem
802 2908 871 2983 dat
882 2945 903 2977 n
932 2945 949 2978 a
960 2909 1056 3010 Noli,
1071 2911 1231 3012 inquam,
1249 2911 1294 2984 de

295 3050 367 3102 uno
393 3029 483 3128 pede
507 3033 679 3106 sororis&
696 3037 807 3134 queri3
833 3034 915 3108 licet
940 3037 1046 3108 etiam
1062 3035 1210 3110 alterum
1227 3037 1294 3112 tol-

295 3149 388 3224 lasa.
414 3151 495 3227 Non
512 3158 712 3257 consulare,
728 3160 881 3260 inquies,
899 3160 1047 3260 dictum3
1076 3161 1203 3235 fateor:
1229 3163 1294 3237 sed

294 3301 359 3374 ego
385 3277 479 3352 illam
504 3282 564 3354 odi
595 3282 686 3356 male
704 3287 736 3335 ²⁶
762 3285 991 3359 consularem.
1026 3289 1078 3359 Ea
1111 3301 1165 3360 est
1197 3291 1293 3360 enim

293 3400 473 3503 seditiosa,
497 3432 536 3479 ea
554 3423 584 3474 ²⁷
612 3435 692 3482 eum
714 3412 794 3484 viro
819 3410 949 3483 bellum
975 3413 1078 3511 gerit,
1103 3439 1217 3515 neque
1234 3439 1293 3487 so-

168 3609 169 3614 ἵ
291 3524 365 3600 lum
390 3555 470 3602 cum
493 3531 654 3634 Metello,
672 3536 748 3609 'sed
781 3538 886 3610 etiam
919 3564 999 3611 eum
1032 3537 1160 3640 Fabio,
1193 3539 1290 3643 quod

292 3677 351 3726 eos
375 3655 461 3728 mihi
487 3661 616 3734 amicos
643 3687 720 3735 esse
745 3663 992 3738 moleste'fert.

340 3777 363 3852 5
390 3781 497 3872 Quod
522 3784 566 3857 de
591 3789 722 3886 agraria
738 3787 813 3888 lege
831 3791 980 3892 quaeris,
1009 3816 1092 3866 sane
1110 3819 1215 3892 quam
1235 3790 1285 3864 vi-

291 3899 392 3978 detur
417 3907 596 3984 refrixisse.
