2882 5002
339 370 407 444 118
690 386 862 437 rrrsrota
887 390 986 437 xxur.
1111 386 1142 436 A.
1159 391 1193 440 r.
1210 391 1238 438 c.
1254 389 1298 452 sss

333 494 483 593 reperire
499 517 543 565 cx
558 515 684 589 magua
701 490 803 563 turba
820 491 996 562 neminem
1013 473 1216 590 possumus,
1241 519 1322 593 quo-

334 645 414 693 cum
426 631 486 692 aut
501 618 608 692 iocari
623 615 731 692 libere
737 672 748 716 ,
765 628 825 688 aut
836 615 1009 716 suspirare
1025 613 1240 690 familiariter
1251 643 1325 718 pos·

333 745 448 818 simus.
476 744 594 836 Quare
619 758 654 816 te
680 757 939 842 exspectamus,
963 755 999 814 te
1016 741 1270 843 desideramus,
1292 759 1325 816 te

332 872 403 943 iam
420 871 524 946 etiam
549 871 762 944 arcessimus.
788 867 900 940 Multa
927 868 1035 965 enirn,
1059 893 1149 968 quae
1165 894 1221 941 me
1238 869 1325 942 solli-

334 997 444 1069 citant
460 993 781 1096 anguntque,mil1i
797 991 920 1067 videor
936 995 962 1092 ⁶,
979 1019 1078 1065 aures
1094 1007 1217 1066 nactus
1235 1009 1326 1094 tuas,

306 1203 308 1208 .
333 1123 435 1196 unius
460 1120 707 1196 ambulationis
732 1144 892 1194 sermone
918 1117 1098 1196 exlraurire
1124 1144 1236 1218 posse.

384 1273 406 1318 2
432 1247 484 1318 Ac
511 1245 780 1319 domesticarum
801 1243 943 1346 quidem
960 1242 1222 1316 solicitudinum
1251 1271 1328 1318 acu-

333 1370 408 1444 leos
442 1397 564 1444 omnes
596 1386 633 1444 et
657 1369 841 1474 scrupulos
866 1368 1068 1444 occultabo:
1099 1373 1328 1471 nequeenim

332 1495 415 1570 huic
444 1496 639 1597 epistolae⁶
668 1511 773 1598 atque
804 1498 926 1594 ignoto
959 1494 1138 1568 tabellario
1171 1499 1327 1569 commit-

333 1633 415 1694 tam.
440 1624 556 1723 Atque
579 1621 617 1694 hi
642 1621 743 1709 (nolo
760 1623 855 1694 enim
871 1635 907 1694 te
922 1622 1138 1721 permoveri)
1157 1647 1231 1695 non
1248 1637 1326 1695 sunt
1403 1703 1407 1706 ,

332 1746 550 1848 permolesti,
574 1747 637 1820 sed
662 1761 780 1820 tamen
804 1746 958 1820 insident
974 1763 1009 1818 et
1025 1760 1150 1844 urgent
1161 1766 1188 1846 ⁷,
1203 1761 1240 1820 et
1256 1748 1329 1820 nul-

331 1870 397 1945 lius
423 1873 570 1954 amantis
596 1872 741 1947 consilio
767 1885 828 1945 aut
852 1898 1013 1946 sermone
1028 1873 1260 1973 requiescunt.
1286 1877 1324 1946 Iu

331 2024 370 2070 re
394 1999 537 2098 publica
561 2023 646 2075 vero
673 1994 885 2100 quamquam
916 1999 1051 2071 animus
1081 2011 1134 2072 est
1164 2027 1327 2100 praesens

332 2137 369 2195 et
392 2123 576 2226 voluntas,
600 2139 719 2200 tamen
744 2126 881 2198 caiam
904 2123 981 2225 ipsa
1005 2123 1216 2200 medicinam
1247 2128 1328 2200 effu-

332 2250 386 2347 git
399 2249 424 2320 θ.
448 2249 557 2350 Nam,
580 2265 621 2324 ut
644 2277 686 2324 ea
709 2250 880 2351 breviter,
910 2276 1001 2352 quae
1033 2266 1116 2352 post
1146 2267 1246 2326 tuum
1282 2253 1329 2327 di·

331 2401 486 2450 aeessum
509 2377 596 2476 [aeta
629 2389 726 2478 sunt,
757 2376 935 2477 colligam,
965 2377 1037 2452 iam
1068 2377 1239 2452 exclames
1272 2405 1329 2458 ne·
1413 2425 1414 2428 =

122 2517 125 2526 ’
211 2589 220 2602 .
332 2527 428 2574 cesse
453 2515 525 2602 est,
549 2529 604 2576 res
629 2501 805 2577 Romanas
830 2503 960 2577 diutius
985 2515 1077 2578 stare
1108 2530 1182 2578 non
1214 2531 1328 2605 posse.

381 2631 402 2702 3
428 2630 571 2702 Etenim
594 2643 678 2729 post
701 2629 955 2730 profectionem
984 2642 1081 2730 tuam
1112 2631 1265 2731 primus,
1291 2645 1330 2704 ut

330 2753 474 2854 opinor,
501 2756 665 2829 introitus
692 2755 758 2828 suit
781 2757 820 2828 in
852 2781 992 2828 causam
1023 2755 1159 2830 fabulae
1188 2757 1327 2831 Clodia-

329 2897 439 2978 nae95
455 2880 492 2950 in
517 2906 586 2981 qua
611 2905 675 2979 ego
700 2896 837 2980 nactus,
861 2895 902 2954 ut
926 2881 1013 2954 mihi
1031 2881 1190 2982 videbar,
1205 2882 1327 2956 locum

328 3004 538 3078 resecandae
553 3004 709 3082 libidinis
720 3021 756 3082 et
768 3006 983 3096 coercendae
998 3009 1329 3108 ,iuventutimehe-

328 3155 427 3202 mens
452 3129 526 3231 fui,
539 3143 577 3208 ct
601 3157 722 3210 omnes
748 3133 888 3236 profudi
913 3135 1005 3210 vires
1022 3137 1129 3210 animi
1146 3151 1251 3238 atque
1278 3138 1330 3210 in-

315 3255 422 3352 ‘genii
445 3257 531 3356 mei,
559 3283 632 3332 non
665 3259 749 3333 odio
782 3259 955 3335 adductus
981 3259 1141 3360 alicuius,
1173 3263 1238 3338 sed
1263 3289 1330 3362 spe

327 3380 562 3481 reipublicae
587 3385 828 3486 corrigendae,
852 3400 889 3460 et
914 3386 1089 3460 sanandae
1115 3390 1269 3464 civitatis
1289 3403 1331 3463 ¹⁰.

303 3503 466 3622 dilicta
485 3519 544 3582 'res
569 3509 710 3611 publica
734 3526 788 3586 est
819 3527 940 3614 empto
977 3527 1279 3620 constupratoque
1299 3531 1329 3570 ¹¹

326 3630 466 3706 iudicio.
494 3634 601 3737 Vide,
627 3663 715 3738 quae
740 3639 811 3711 sint
834 3654 959 3739 postea
984 3656 1181 3740 consecuta.
1255 3675 1258 3680 ¹
1286 3665 1289 3668 ·

374 3758 399 3854 4
424 3741 556 3834 Consul
571 3776 625 3838 est
640 3764 825 3866 impositus
841 3779 870 3816 ¹²
888 3767 917 3838 is
934 3763 1052 3870 nobis,
1078 3793 1333 3870 quemnemo,

325 3898 463 3981 praeter
486 3912 552 3961 nos
576 3887 824 3991 philosophos,
849 3892 1004 3999 aspicere
1036 3893 1110 3967 sine
1142 3894 1329 3996 suspiratu
