2882 5002
350 357 418 410 raa
474 321 476 332 Α
711 354 881 404 rarecort
906 357 1007 406 xxur.
1125 356 1157 407 a,
1175 361 1209 410 v.
1226 361 1254 409 c.
1271 361 1321 424 ⁶9³

355 490 357 498 ’
391 466 418 536 8
440 459 584 559 Agraria
608 469 725 534 autem
750 455 972 557 promulgata
989 469 1044 532 est
1060 485 1081 532 a
1098 459 1245 562 Flavio,
1262 491 1344 538 sane

340 590 446 690 levis,
470 587 594 661 eadem
624 585 713 685 fere,
736 609 828 686 quae
860 584 927 658 fuit
956 569 1080 658 Plotia.
1118 587 1188 662 Sed
1212 589 1345 665 interea

341 719 487 794 πολιτικὸς
504 717 580 810 ἀνὴρ
597 713 740 809 obteras>
757 712 940 814 quisquam
957 713 1106 786 inveniri
1124 728 1253 814 potest.
1271 719 1346 810 Qui

340 854 481 946 poterat
495 855 535 939 Ι9,
560 833 737 913 familiaris
763 833 883 912 noster
908 838 977 927 (sic
995 851 1048 912 est
1074 840 1184 939 enim3
1209 841 1293 915 volo
1312 857 1346 915 te
1387 845 1389 852 '

334 969 409 1062 ⁸hoc
432 967 543 1060 scire)
566 965 757 1068 Pompeius
783 961 938 1064 togulam
962 961 1059 1040 illam
1084 967 1219 1068 pictam
1238 966 1345 1042 silen-

340 1097 390 1169 tio
418 1108 537 1168 tuetur
564 1119 672 1166 suam.
707 1094 853 1166 Crassus
881 1089 1028 1166 verbum
1056 1091 1193 1164 nullum
1223 1109 1358 1191 contra¹

339 1222 486 1321 gratiam
502 1237 554 1319 ²⁰3
576 1233 711 1293 ceteros
736 1219 808 1292 iam
831 1218 942 1293 nosti:
968 1218 1028 1320 qui
1052 1219 1102 1292 ita
1120 1233 1202 1292 sunt
1226 1220 1344 1312 stulti>

315 1391 323 1406 ι
337 1361 378 1420 ut
394 1347 520 1420 amissa
544 1367 582 1420 re
606 1344 748 1445 publica
771 1329 923 1445 piscinas
940 1370 1021 1418 suas
1037 1343 1113 1418 fora
1128 1343 1243 1418 salvas
1261 1371 1344 1446 spe-

336 1499 413 1546 rare
442 1471 636 1546 videantur.
668 1471 771 1544 Vnus
801 1483 872 1570 est,
904 1471 966 1571 qui
997 1483 1111 1570 curet,
1145 1474 1353 1552 constantia

335 1599 446 1698 magis
472 1612 508 1671 et
533 1599 748 1698 integritate,
775 1593 899 1700 quam,
922 1607 964 1668 ut
979 1593 1067 1669 mihi
1083 1595 1240 1698 videtur,
1259 1558 1350 1672 con-s

335 1725 413 1800 silio
437 1739 500 1799 aut
524 1725 664 1826 ingenio
670 1778 682 1811 ‚
709 1723 816 1821 Cat03
842 1721 903 1826 qui
930 1723 1075 1796 miseros
1108 1723 1341 1827 publicanos,

323 1877 425 1953 *quos
448 1851 577 1924 habuit
599 1850 856 1950 amantissimos
881 1849 955 1936 sui,
981 1851 1123 1922 tertium
1147 1851 1218 1924 iam
1243 1875 1343 1926 men·

335 2003 409 2050 sem
435 1989 561 2076 vexat,
591 2002 706 2078 neque
737 1977 779 2050 iis
813 2002 833 2049 a
865 1990 989 2048 senatu
1021 2002 1230 2076 responsum
1264 1977 1344 2051 dari

236 2151 238 2156 -
334 2103 475 2204 patitur.
509 2104 564 2176 Ita
587 2128 653 2176 nos
686 2102 842 2200 cogimur
870 2101 1011 2202 reliquis
1043 2101 1087 2174 de
1119 2101 1224 2175 rebus
1249 2103 1341 2176 nihil

337 2226 523 2300 decernere
549 2241 648 2327 ante,
673 2253 780 2328 quam
811 2225 1006 2328 publicanis
1038 2251 1245 2326 responsum
1278 2230 1340 2308 sit.

335 2353 452 2445 Quare
476 2353 583 2426 etiarn
607 2352 798 2452 legationes
815 2367 846 2404 ²¹
864 2352 1041 2438 ¹reiectum
1064 2353 1104 2426 iri
1130 2367 1229 2457 puto.

382 2505 406 2578 9
431 2473 535 2552 Nunc
560 2477 662 2555 vides
688 2473 814 2581 quibus
839 2475 1004 2570 fluctibus
1028 2479 1214 2552 iactemur:
1239 2493 1292 2582 et,
1309 2481 1342 2554 si

248 2681 253 2697 s
325 2628 375 2697 ,ex
391 2605 450 2706 iis,
472 2630 561 2708 quae
578 2604 786 2706 scripsimus
792 2661 803 2720 ἶ
821 2613 937 2694 (tanta
954 2631 990 2678 es
1007 2606 1293 2723 perspicacitate)
1307 2623 1339 2656 ²²

332 2731 438 2807 etiam
462 2756 483 2802 a
506 2754 564 2804 me
588 2757 664 2804 non
690 2731 822 2834 scripta
847 2731 1033 2838 perspicis,
1057 2732 1169 2805 revise
1193 2758 1262 2806 nos
1279 2731 1341 2806 ali·

328 2855 490 2954 quando:
515 2869 552 2930 et
568 2881 781 2959 quamquam
799 2867 882 2935 suut
896 2856 986 2932 baec
1001 2857 1182 2958 fugienda,
1207 2883 1279 2960 quo
1297 2873 1336 2932 te

329 3003 441 3080 voco;
466 2994 585 3056 tamen
608 2982 686 3083 fac,
710 2996 752 3056 ut
776 2968 931 3058 morena
946 2997 1107 3058 nostrum
1123 2985 1213 3058 tanti
1230 2986 1338 3060 aesti-

329 3129 418 3204 mes,
443 3117 551 3179 uteo
576 3106 633 3181 vel
658 3131 739 3182 cum
763 3109 817 3184 his
841 3109 1008 3189 molestiis
1032 3109 1163 3212 perfrui
1173 3112 1206 3162 ³³
1231 3110 1334 3185 valis.

328 3229 437 3330 Nam,
461 3255 506 3304 ne
532 3231 656 3308 absens
688 3261 867 3336 censeare,
887 3235 1022 3310 'curabo
1054 3237 1265 3310 edicendum
1292 3251 1334 3310 et

328 3358 599 3457 proponendum
624 3341 712 3436 locis
737 3361 909 3436 omrubus.
934 3362 1007 3436 Sub
1032 3361 1179 3437 lustrum
1210 3377 1336 3436 autem

328 3483 475 3584 censeri,
502 3488 655 3584 germani
680 3486 907 3589 negotiatoris
933 3503 994 3564 est.
1020 3490 1137 3588 Quare
1163 3509 1267 3588 cura,
1286 3503 1335 3562 ut

322 3621 365 3680 te
391 3615 661 3712 quamprimum*
680 3615 870 3693 videamus.
895 3614 974 3692 Kal.
999 3614 1101 3691 Febr.
1119 3615 1150 3682 ²4
1175 3611 1220 3710 Q.
1250 3615 1337 3688 Me·

325 3734 426 3836 tello,
449 3743 547 3820 et'L·
573 3742 715 3822 Afranio
742 3745 918 3844 coss„
958 3833 961 3840 ¹
1049 3836 1054 3845 1
