2886 5000
307 413 378 486 250
683 427 851 480 urrsrott
875 431 929 480 xu.
1086 428 1117 480 Λ.
1134 434 1169 481 v.
1187 433 1216 480 c.
1232 428 1284 496 694

304 561 416 639 nunc,
433 534 517 607 dum
532 533 569 605 hi
587 531 682 633 apud
699 557 755 605 me
772 546 870 632 sunt,
886 557 1002 605 emere
1019 529 1071 604 de'
1081 557 1139 605 me
1155 533 1309 618 fundum¹

304 663 530 736 Formianum
555 658 640 734 velit
651 659 676 731 ⁸.
695 661 744 731 Et
760 673 880 733 taumn
896 655 984 731 illud
1000 655 1171 758 probeml
1201 693 1220 727 u
1231 687 1308 733 ma-
1429 649 1430 674 i

301 813 414 886 gnum
438 785 529 888 quid
551 784 819 886 aggrediamur,
844 797 879 857 et
902 783 1037 856 multae
1059 788 1307 882 cogitationis,
1429 839 1430 842 ,

303 927 413 1015 atque
443 914 517 984 otii.
529 943 547 976 a
587 910 658 986 Sed
683 923 802 984 tamen
826 909 972 984 satisfiet
996 935 1016 982 a
1042 909 1161 1009 nohis,
1189 935 1309 1014 neque
1429 987 1430 1005 p

304 1051 468 1139 parcetur
491 1035 613 1110 labori.

757 1287 853 1362 XLI·
1057 1328 1107 1387 (aa
1118 1328 1169 1376 Αιι.
1184 1329 1223 1389 n,
1242 1330 1283 1386 rs)

305 1465 524 1544 Argumentum.
555 1465 638 1526 rDe
664 1465 784 1525 insertis
810 1464 945 1525 Caesaris
971 1475 1001 1526 et
1028 1463 1126 1526 Clodii
1155 1464 1308 1538 consiliis;

345 1578 370 1632 a'
383 1573 420 1632 de
440 1571 556 1632 Seboso
576 1581 607 1631 et
627 1573 716 1632 Arrio
738 1570 862 1632 moleste
885 1591 917 1632 se
931 1569 1207 1652 interpellantibus3
1229 1571 1247 1632 3
1268 1569 1307 1630 de

344 1679 503 1741 Terentiae
523 1679 647 1760 negotio
667 1680 698 1737 in
718 1679 924 1740 controversia
943 1677 1107 1757 Mulviana.

431 1883 484 1936 Ser.
501 1884 529 1935 iu
546 1883 685 1938 Formiano
701 1883 733 1936 Δ.
751 1883 785 1934 V.
804 1883 835 1938 C.
852 1883 992 1948 DCXOEV,
1012 1899 1091 1938 mena.
1109 1884 1173 1956 Apr.

615 2080 760 2146 CICERO
783 2082 934 2148 ATTICO
960 2083 990 2146 S.

360 2315 371 2360 1
402 2285 453 2360 Vt
469 2286 608 2387 scribis,
632 2288 680 2360 ita
699 2283 822 2386 video,
837 2311 911 2360 non
928 2288 1043 2360 minus
1059 2288 1193 2361 incerta
1210 2288 1248 2362 in
1265 2313 1303 2361 re

240 2421 251 2432 ‘
302 2412 462 2514 publica,
488 2439 594 2514 quam
609 2414 647 2486 in
664 2411 813 2513 epistola
830 2426 907 2486 tua:
925 2413 988 2487 sed
1005 2427 1122 2487 tamen
1139 2416 1207 2488 ista
1225 2415 1304 2514 ipsa

302 2565 360 2612 me
377 2541 526 2613 varietas
544 2565 746 2612 sermonum
763 2539 1039 2641 opinionumque
1058 2520 1308 2615 delectatsRo-

303 2691 380 2738 mae
409 2667 504 2738 enim
523 2665 651 2740 videor
682 2691 775 2764 esse,
808 2691 917 2768 quum
950 2665 1028 2738 tuas
1060 2665 1179 2740 literas
1205 2666 1306 2765 lego,

304 2804 356 2892 et,
380 2806 421 2864 ut
446 2795 487 2864 fit
511 2793 548 2863 in
573 2793 680 2864 tantis
697 2789 817 2891 rebus,
842 2791 950 2865 modo
967 2791 1055 2891 hoe,
1079 2792 1188 2865 modo
1215 2790 1303 2865 illud

303 2916 432 2990 audire.
458 2915 550 2990 Illud
576 2931 694 2991 tamen
720 2916 893 3016 explicare
918 2943 991 2990 non
1016 2943 1180 3018 possum,
1207 2915 1304 3020 quid-

296 3065 385 3116 nam
408 3042 566 3117 invenire
583 3045 697 3144 possit
713 3057 737 3144 ¹,
752 3041 850 3116 nullo
867 3057 1067 3142 recusante,
1092 3042 1137 3115 ad
1155 3042 1301 3116 faculta-

302 3179 374 3239 tem
400 3170 578 3266 agrariam.
603 3169 719 3244 Bibuli
745 3183 861 3243 autem
879 3170 952 3244 ista
968 3166 1174 3267 magnitudo
1194 3169 1301 3242 animi

239 3339 241 3344 ,
299 3290 338 3362 iu
363 3294 612 3368 comitiorum²
631 3295 814 3395 dilatione,
839 3295 925 3396 quid
949 3293 1073 3394 habet,
1097 3295 1165 3368 nisi
1190 3296 1299 3395 ipsius

300 3417 467 3496 iudicium
493 3422 566 3494 sine
591 3420 661 3494 ulla
695 3423 911 3494 correctione
945 3422 993 3495 rei
1026 3419 1212 3522 publicael
1238 3421 1299 3494 Ni·

300 3543 426 3616 mirum
452 3547 491 3648 in
513 3547 640 3621 Publio
667 3573 750 3648 spes
773 3560 841 3620 est:
868 3548 946 3646 fiat,
972 3549 1033 3620 fiat
1049 3546 1211 3620 tribunus
1229 3547 1299 3647 ple·

226 3743 229 3748 .
299 3665 354 3744 his
371 3671 403 3770 ³5
429 3674 457 3744 si
483 3673 569 3746 nihil
595 3673 707 3774 aliud,
730 3688 770 3746 ut
795 3700 837 3747 eo
864 3674 964 3747 citius
990 3687 1029 3746 tu
1055 3698 1098 3746 ex
1114 3674 1230 3774 Epiro
1246 3701 1299 3748 re·

300 3810 444 3870 vertare.
470 3799 578 3898 Nam,
603 3815 644 3874 ut
666 3797 728 3874 illo
745 3813 784 3872 tu
801 3797 958 3900 camasi,
975 3825 1048 3872 non
1068 3798 1172 3875 video
1196 3825 1299 3902 posse

282 3921 389 3994 'fieri:
414 3929 618 4024 praesertim
644 3928 673 4000 si
691 3953 829 3998 mecum
847 3924 977 4028 aliquid
995 3926 1091 4000 volet
1110 3925 1297 4030 disputare.
