2932 5000
510 429 547 475 ru
572 425 764 477 urrsroats
1063 407 1133 508 395

135 537 154 598 3
175 537 290 598 Versus
311 531 438 591 Homeri
459 529 597 592 inductus
613 553 631 590 a
644 531 782 592 Victoria
802 549 836 590 ex
857 531 987 612 antiquis
1007 533 1133 615 exempl.

173 639 252 702 Edd.
266 657 424 722 ponsque
438 635 475 696 ad
487 635 552 698 Ald.
565 635 743 697 deductum?
760 634 841 718 Quid
852 634 934 698 Cato.
948 639 983 698 In
995 637 1082 699 nuh.
1098 637 1133 700 16

173 758 218 810 est
238 747 354 807 lacuna.

129 857 151 932 4
171 855 266 914 Forte
278 852 338 912 fuit
349 849 575 935 praedicabunt,
588 861 623 912 ut
636 871 701 933 sup.
717 849 876 934 loquentur.
892 848 945 913 Ad
956 869 1050 912 aanor
1063 850 1131 924 DC,

172 959 316 1042 adagium
338 957 536 1030 tralaticium,
556 977 613 1040 pro
633 956 677 1018 od
695 958 799 1020 renitor
816 977 927 1030 annos,
957 958 1039 1040 quod
1059 959 1132 1018 alias

170 1068 260 1151 plene
281 1078 435 1134 sexcentos
455 1063 602 1126 scribitur.

131 1173 151 1233 5
173 1174 241 1234 Hoc
253 1172 396 1245 verbum,
408 1172 490 1255 quod
504 1169 659 1234 Emestius
670 1191 701 1232 se
711 1168 826 1232 nescire
842 1169 1007 1243 fatebatur,
1021 1169 1131 1232 Schlitz
1174 1187 1178 1196 “

169 1281 220 1342 vel
241 1278 447 1362 expurgabat,
460 1278 506 1338 vel
521 1277 690 1360 corrigebat
709 1277 763 1338 scd
782 1279 904 1359 opinor,
923 1289 977 1338 aut
995 1276 1131 1359 dispicia-

171 1407 256 1458 mus,
276 1395 329 1446 aut
349 1385 444 1445 simile
465 1385 587 1466 aliquid.
616 1386 696 1445 Tum
724 1405 783 1468 pro
808 1383 955 1467 defleretur
983 1383 1071 1446 tub.
1097 1383 1131 1442 16

169 1503 200 1553 et
220 1490 335 1552 Balliol.
357 1491 439 1573 apud
460 1491 568 1552 Graev.
589 1499 659 1552 c'um
679 1491 724 1551 ed.
746 1492 834 1550 Rom.
851 1489 986 1573 defirrtur.
1006 1490 1047 1551 Et
1060 1509 1130 1550 mox

171 1597 252 1657 idem
273 1595 362 1658 Amb.
383 1596 451 1658 edd.
472 1597 537 1657 Ald.
559 1607 588 1658 et
608 1597 687 1658 Vict.
707 1609 736 1656 et
756 1598 813 1656 iam
834 1597 1026 1672 lwmulees13
1052 1615 1129 1677 quae

169 1703 347 1764 exclamatio
367 1702 474 1785 placet.
495 1702 598 1785 Vulgo
618 1703 720 1764 Etiam
739 1715 790 1765 est.

129 1809 284 1872 6Verius
315 1807 480 1870 arbitratur
510 1808 621 1870 Schiitz
651 1809 748 1870 deleta
777 1811 943 1892 negatione.
969 1808 1019 1870 Sic
1049 1809 1128 1870 enlm

170 1915 279 1977 melius
300 1914 477 1988 cohaerent,
499 1936 576 1998 quae
596 1919 733 1999 proxime
753 1926 929 1999 sequuntur.

129 2043 148 2104 7
171 2021 374 2105 Theophanes
405 2021 603 2110 Mytilenaeas
615 2042 631 2097 ,·
654 2021 793 2106 Pompeii
819 2023 983 2084 familiaris.
1010 2020 1128 2082 Schiitz.

176 2127 284 2188 Tecum
293 2127 376 2211 firrtc
396 2130 563 2202 contraierit,
583 2129 621 2190 de
641 2131 766 2191 consilio
778 2131 916 2213 Pompeii
931 2140 961 2190 et
981 2128 1129 2200 Caesaris,

170 2235 254 2317 quod
274 2236 366 2296 velint
386 2255 436 2295 me
456 2235 587 2317 legatum
617 2239 736 2298 mittere
766 2239 797 2296 in
821 2239 995 2319 Aegyptum
1016 2234 1055 2294 ad
1074 2233 1128 2294 fir-

170 2340 312 2402 mandam
334 2363 404 2403 curn
424 2341 601 2407 Ptolemaeo
622 2365 690 2427 rega
711 2329 892 2405 societatem.
913 2343 1095 2424 Malaspirro.

126 2447 148 2510 8
170 2447 239 2508 Scil.
267 2470 285 2510 a
316 2448 457 2521 Caesare,
489 2451 574 2511 cuius
595 2470 688 2534 opera
713 2471 744 2511 se
765 2449 918 2512 consulem
939 2448 1127 2530 designatum

168 2556 207 2614 iri
227 2565 409 2637 speraverat.
429 2556 549 2617 Schritz.

124 2682 148 2742 9
169 2661 208 2738 Q.
229 2660 368 2722 Metellus
388 2663 509 2745 Nepos,
536 2665 587 2745 qui
619 2667 651 2724 in
670 2685 707 2725 eo
727 2675 811 2738 erat,
832 2675 867 2725 ut
887 2659 918 2725 in
937 2663 1126 2746 provinciam

164 2765 409 2849 'proficisceretur
425 2789 459 2828 ex
481 2781 632 2851 praetura.
656 2770 778 2832 Guirram
791 2783 951 2852 artguratns
963 2768 1127 2851 dessrmur,

170 2872 201 2932 in
222 2872 322 2934 locum
343 2874 455 2935 Metelli
477 2875 588 2938 Celeris
608 2877 712 2960 paullo
733 2889 802 2940 ante
822 2879 943 2939 mortui.
967 2877 1042 2936 Nam
1064 2875 1127 2936 Me-

169 2977 259 3040 tellus
278 2981 397 3063 Nepos,
419 3003 514 3062 quum
534 2986 566 3043 in
585 2987 774 3068 provinciam
794 2983 1050 3068 proficisceretur,
1075 2980 1127 3041 ala

169 3105 235 3146 sens
255 3103 316 3146 non
336 3098 456 3171 poterat
476 3093 580 3151 creari.
602 3091 720 3153 Schiita.
748 3093 827 3153 Hinc
856 3113 930 3166 uno,
955 3090 1047 3154 intell.
1075 3109 1128 3148 au·

167 3202 291 3273 guratu3
311 3192 352 3253 ab
372 3196 452 3270 istis,
472 3195 598 3259 Caesare
618 3210 647 3260 et
667 3199 823 3284 Pompeio.

129 3317 166 3358 ro
186 3297 343 3360 Correctio
362 3301 493 3380 Mureti,
524 3303 590 3366 edd.
618 3316 687 3368 vett.
708 3317 738 3367 et
759 3305 832 3368 libb.
847 3307 949 3389 scripti
970 3307 1128 3379 civitatem,

167 3406 229 3466 sine
250 3404 343 3466 dubio
363 3409 477 3470 vitiose.
510 3410 617 3472 Bosius
645 3433 662 3474 e
688 3433 742 3474 ms.
771 3417 906 3497 reposuit
925 3417 1128 3485 securitatem,

166 3511 251 3593 quod
271 3523 301 3572 et
321 3514 469 3576 Gruterus
502 3521 634 3602 recepit,
665 3531 695 3580 et
722 3521 897 3584 Tunstallus
927 3520 1047 3605 probat.
1069 3522 1126 3579 lac.

167 3617 340 3679 Gronovius
371 3624 499 3682 correxit
528 3644 563 3683 ex
595 3626 716 3706 ingenio
747 3628 937 3700 caesionem,
958 3628 1029 3710 quia
1050 3625 1128 3686 infra

165 3745 213 3806 ep.
233 3725 365 3798 XLV,1
399 3728 532 3816 sedicit
556 3730 734 3803 rapiamur.
766 3733 990 3795 correctionem
1015 3733 1125 3793 Mureti

166 3827 300 3912 probant
320 3835 518 3913 recentiores;
538 3837 617 3910 scil,
630 3849 666 3899 ut
684 3841 727 3899 ait
739 3839 828 3915 Erm,
850 3841 953 3904 levitas
967 3842 997 3900 in
1012 3858 1048 3900 eo
1067 3849 1126 3910 est,

167 3937 252 4016 quod
273 3949 414 4001 movetur
434 3953 598 4025 auguratus
619 3945 790 4029 cupiditate.
