2932 5000
329 401 399 474 368
690 392 960 468 turortrmuns

326 526 365 584 23
385 523 441 583 Est
460 541 479 580 a
498 513 798 591 Bonasamson-ibus
817 519 903 579 libris
924 517 1067 601 antiquis.
1084 514 1170 576 Libri
1184 516 1247 576 fere
1260 537 1328 576 om-

364 649 417 690 nes
435 627 599 709 pervenire,
619 628 721 686 nescio
748 647 786 685 an
813 635 963 708 corrupte.
986 623 1033 682 Ne
1052 623 1157 686 absens
1177 643 1314 684 censeare
1321 647 1334 698 3v

366 733 489 794 Servius
517 730 642 802 Tullus,
672 735 767 812 quum
787 731 936 812 populum
957 731 1089 802 censuit,
1116 731 1203 792 iussit
1222 749 1331 790 omnes

366 844 445 900 cives
457 837 562 898 adesse
576 859 643 898 eum
668 839 848 898 vinculorum
860 838 944 897 minis
955 837 1127 918 ntor-rupa,
1147 837 1181 894 Li
1186 857 1213 896 v.
1235 820 1266 908 l,
1279 837 1331 912 44.

366 944 429 1004 Sub
450 945 572 1006 ὶιιεῑνιιιη
597 944 702 1028 paullo
722 954 791 1004 ante
812 945 1035 1014 lustrationem,
1057 963 1135 1022 quae
1155 939 1250 1002 fiebat
1263 962 1331 1002 om·
1454 953 1455 960 ’

364 1050 453 1111 nibus
474 1053 535 1111 iam
556 1054 665 1127 censis3
685 1051 751 1111 Liv.
773 1050 838 1111 eod.
853 1050 935 1125 loc0;
949 1049 1016 1109 Val.
1039 1049 1108 1109 Max
1130 1048 1233 1122 1V‚‚1.
1255 1049 1331 1109 Ma-

285 1143 288 1163 '
367 1171 426 1218 nat.
447 1157 519 1218 Mox
538 1159 682 1237 germani,
702 1155 734 1217 id
754 1157 914 1239 est‘‚,meri.

317 1265 367 1342 '²4
387 1261 472 1323 Libri
493 1261 626 1344 quampl.
647 1273 716 1326 ante
737 1263 824 1324 Grut.
847 1261 893 1324 XI
910 1261 981 1324 Kal.
1002 1261 1077 1324 Feb.
1120 1275 1123 1280 '

772 1504 887 1566 xxrv.
1003 1489 1005 1494 '
1099 1511 1101 1520 ’

330 1714 342 1751 ι
366 1691 416 1752 Sic
437 1695 566 1752 correxit
584 1691 741 1754 Ernestius
761 1691 843 1774 vulg.
865 1691 965 1766 velim,
986 1689 1068 1772 quod
1089 1709 1151 1751 non
1166 1691 1329 1774 responde-

351 1793 420 1858 bat
432 1801 537 1860 ceteris
550 1809 641 1873 esset,
660 1817 827 1880 superlatum
832 1843 844 1873 ,
856 1809 911 1860 etc.
932 1797 968 1858 Id
981 1797 1092 1859 Schiitz
1109 1799 1230 1880 recepit.
1245 1798 1329 1858 Tum
1368 1783 1373 1796 ¹

364 1923 455 1987 quam
475 1915 506 1964 tu
525 1906 603 1964 soles
629 1905 712 1966 dedit
737 1907 854 1986 primus
883 1906 1029 1965 Graevius
1057 1925 1073 1964 e
1101 1925 1155 1964 ms.
1184 1904 1329 1976 Helmst.,

363 2020 528 2090 posteaque
549 2011 704 2072 Ernestius
726 2021 756 2072 et
777 2009 862 2099 Solu,
883 2021 913 2071 et
936 2011 1013 2070 bene
1034 1991 1198 2091 respondet
1226 2031 1327 2092 super.

367 2128 434 2175 tam.
457 2117 540 2176 Olim
560 2116 643 2200 quod
663 2129 694 2176 tu
712 2137 735 2177 s.
756 2117 911 2178 Manutius
932 2115 1110 2176 coniiciebat
1136 2137 1228 2198 quam
1249 2131 1268 2177 t.
1288 2140 1331 2189 s.,

356 2221 451 2302 facile
473 2235 500 2281 tc
512 2244 576 2305 sup.
598 2225 673 2284 ltem
693 2225 724 2284 in
744 2221 897 2284 scabendo
910 2234 955 2283 est
974 2245 991 2282 e
1012 2223 1185 2282 coniectura
1197 2223 1330 2294 Mureti,

366 2349 458 2408 quam
485 2328 641 2390 Ernestius
656 2341 691 2390 'et
712 2329 782 2390 Scb.
801 2339 1019 2412 expresserunt.
1041 2328 1132 2409 Vulg.
1154 2329 1184 2390 in
1202 2330 1330 2410 scripto,

366 2431 449 2512 quod
469 2455 486 2493 e
507 2435 687 2516 compendio
715 2433 804 2496 sebdo
824 2446 972 2496 mstorum
1000 2434 1113 2494 factum
1141 2445 1194 2494 est.
1222 2435 1329 2496 Cicero

365 2559 483 2621 semper
504 2541 714 2602 inscribendo.

327 2665 344 2704 n
366 2644 460 2717 ldest,
482 2648 513 2705 in
534 2669 595 2728 qua
614 2666 676 2708 non
696 2648 799 2730 aliqua
812 2669 859 2709 res
873 2658 1018 2710 tractetur
1039 2649 1175 2735 gravium
1196 2668 1258 2706 non
1267 2694 1279 2722 ,
1297 2649 1328 2707 in

365 2771 425 2830 qua
445 2754 546 2812 variae
560 2774 607 2814 res
620 2756 941 2824 minutae'narrentur,
965 2754 1124 2826 ludantur,
1137 2763 1194 2814 etc.
1209 2753 1261 2813 Sic
1274 2756 1327 2813 Li-

341 2901 343 2905 .
363 2859 430 2917 vius
443 2858 519 2930 Vll,
533 2879 568 2930 2,
578 2859 722 2940 stabulum
732 2841 901 2942 argrinum
914 2881 1023 2932 serere,
1037 2881 1133 2941 quum
1145 2855 1216 2920 ante
1231 2871 1327 2921 essent

363 2980 465 3024 merae
478 2975 611 3046 satyrae,
629 2966 754 3028 dicteria
765 2987 828 3027 non
842 2967 1048 3041 cohaerentia3
1062 2966 1121 3026 vid.
1144 2987 1192 3048 ep.
1207 2966 1326 3027 CCCLl

311 3143 313 3148 Ι
365 3065 422 3126 sub
443 3071 507 3129 init.
528 3071 600 3132 Ero.
622 3073 704 3132 Tum
724 3072 868 3134 mendose
889 3072 958 3132 libri
980 3071 1114 3154 quampl.
1136 3073 1243 3132 venue.

325 3172 343 3230 3
363 3171 414 3232 sic
434 3195 485 3234 eos
506 3189 673 3248 censuerat,
682 3188 800 3240 senatus
822 3177 1017 3260 appellandos
1038 3177 1082 3239 ob
1102 3198 1210 3238 eorunr
1225 3178 1325 3241 fidem.

363 3276 425 3338 Vid
446 3277 528 3341 Caes.
548 3283 582 3342 B.
604 3283 681 3344 Gall.
707 3307 738 3359 r,
756 3307 801 3345 rr.
826 3283 898 3344 Mox
924 3283 998 3346 libb.
1027 3283 1144 3366 aliquot
1168 3285 1247 3344 mule
1272 3307 1327 3366 pu-

362 3398 502 3462 guantur.

324 3491 345 3566 4
364 3490 498 3573 intellige
519 3494 649 3556 Galliam
669 3497 907 3571 Narbonensem,
929 3520 1006 3580 quae
1028 3509 1092 3559 erat
1112 3499 1222 3582 populi
1237 3499 1325 3560 Rom.
1375 3511 1378 3518 '

363 3599 527 3678 provincia.
557 3601 635 3664 Eam
662 3606 752 3664 etiam
780 3604 890 3665 Caesar
917 3603 981 3665 solo
1004 3605 1173 3686 provinciae
1205 3609 1326 3666 nomine

363 3723 381 3760 a
425 3703 504 3766 ellat.
873 3741 874 3746 ¹

321 3804 342 3864 5
362 3723 508 3872 Gllbevius
521 3813 560 3873 ad
572 3815 650 3877 Phil.
664 3818 708 3889 V,
730 3815 763 3888 5,
778 3815 928 3876 scribebat
941 3791 1064 3876 dilectus
1077 3839 1113 3878 ex
1128 3818 1196 3880 cod.
1213 3819 1326 3889 Vatia,

361 3917 413 3992 qui
433 3927 533 3980 tamen
553 3922 663 3996 codex,
682 3921 761 3983 Phil.
783 3922 872 3994 Vnt,
895 3941 930 3996 a,
949 3921 1043 3983 babet
1066 3922 1209 3986 delectam.
1226 3927 1268 4008 ,ln
1280 3924 1322 3986 le·

360 4022 457 4084 ctione
476 4045 585 4108 parum
607 4031 754 4091 constanti
776 4027 885 4112 vulgus
906 4031 1071 4112 sequimur.
1214 4023 1217 4032 ’
