2882 5002
338 390 403 482 ¹34
683 406 852 456 umsrom
876 409 971 458 xxiv.
1107 405 1139 455 Α.
1155 407 1191 455 v.
1208 409 1236 456 c.
1251 406 1303 470 ⁶9³

331 515 487 613 positum
517 510 596 584 misi
621 508 667 583 ad
691 523 746 609 te3
778 510 816 582 iu
840 511 967 611 quusi
999 507 1085 610 quid
1116 511 1198 609 crit,
1232 513 1331 613 quod

332 639 465 724 homini
496 635 614 709 Attico
644 639 761 708 minus
794 636 968 708 Graecum
1000 633 1245 737 eruditumque
1277 638 1334 710 vi-

334 763 473 862 deutur,
498 788 573 835 non
595 760 709 836 dicam
727 759 823 863 quod
840 759 920 861 tibi,
944 774 985 833 ut
1002 761 1147 862 opinor,
1164 763 1336 834 Panormi
1362 777 1365 800 ¹

332 889 497 988 Lucullus
524 889 567 960 de
593 889 663 961 suis
680 864 834 962 historiis
853 887 1003 960 dixerat:
1029 914 1083 986 se,
1109 913 1179 989 quo
1196 887 1333 961 facilius

332 1015 409 1089 illas
435 1013 601 1116 probaret
623 1015 773 1086 Romani
797 1012 949 1088 hominis
973 1039 1066 1112 esse,
1094 1013 1222 1086 iccirco
1250 1012 1334 1086 bar·

331 1141 417 1223 bera
444 1139 616 1242 quaedam
640 1153 677 1212 et
700 1144 823 1210 σόλοικα
851 1138 1051 1240 dispersisse
1069 1141 1109 1210 ²⁶.
1135 1139 1244 1238 Apud
1274 1165 1335 1212 me

271 1273 272 1278 ’
333 1267 364 1339 si
389 1265 474 1366 quid
499 1267 564 1338 erit
588 1264 778 1364 eiusmodi,
801 1291 859 1340 me
884 1265 1108 1366 imprudente
1130 1266 1199 1338 erit
1223 1279 1262 1338 ct
1279 1267 1336 1340 in-

159 1365 162 1378 .
334 1392 418 1464 rito:
442 1392 608 1468 Latinum
624 1392 653 1462 si
669 1386 864 1490 perfecero,
884 1391 931 1464 ad
947 1405 983 1464 te
998 1391 1146 1464 mittum.
1172 1379 1346 1464 Tertium

333 1512 470 1616 po'ema'
477 1497 696 1616 exspectato,
711 1541 757 1588 ne
775 1516 872 1618 quod
889 1543 995 1615 genus
1012 1542 1032 1588 a
1049 1543 1106 1589 me
1123 1516 1201 1616 ipso
1218 1515 1335 1590 laudis

334 1633 754 1749 meae'pruetermittatur
771 1657 812 1712 ²⁷,
844 1641 912 1714 Hic
938 1655 992 1742 tu,
1017 1668 1117 1741 cave,
1144 1641 1260 1743 dicus²
1288 1648 1334 1723 τίς

335 1768 438 1864 πατέρ’
457 1773 589 1868 utriusq
609 1768 638 1841 si
657 1781 711 1841 cst
727 1769 820 1842 euim
838 1767 934 1868 apud
950 1755 1110 1842 homines
1130 1769 1338 1870 quicquum,

265 1989 267 1993 Ι
336 1892 432 1994 quod
455 1893 574 1992 potius
592 1894 637 1966 sit
654 1894 696 1992 ²⁸,
720 1892 896 1992 laudetur3
921 1919 987 1968 nos
1004 1895 1256 1993 vituperemur,
1274 1895 1336 1996 qui

334 2044 407 2090 uon
432 2020 551 2118 potius
577 2016 644 2090 alia
668 2017 859 2092 laudemus.
886 2019 1108 2120 Quamquam
1122 2045 1210 2092 :non
1241 2023 1336 2113 ἔγκω-

335 2148 478 2236 μιαστικὰ
510 2157 594 2216 sunt
623 2142 725 2242 hacc,
753 2143 816 2216 sed
847 2147 999 2239 ἱστορικὰ,
1025 2169 1113 2244 quac
1138 2143 1333 2217 scribimus.

364 2294 408 2366 „9
433 2269 588 2359 Quintus
616 2266 723 2342 frater
752 2282 880 2368 purgat
911 2267 948 2340 sc
966 2268 1130 2342 'multum
1145 2285 1179 2334 ²9
1204 2295 1270 2369 per
1293 2269 1337 2343 li·
1422 2259 1424 2266 ’

301 2489 304 2501 Ι
334 2406 442 2493 teras,
467 2407 503 2466 et
527 2393 694 2492 affirmat,
718 2393 805 2466 nihil
831 2421 851 2466 a
877 2419 914 2468 se
940 2396 1102 2496 cuiquam
1135 2395 1181 2467 de
1212 2409 1248 2467 tc
1281 2423 1338 2470 se-

334 2540 394 2590 cus
420 2531 494 2592 esse
512 2515 655 2590 dictum.
682 2519 817 2592 Verum
834 2519 921 2592 haec
937 2519 1041 2618 nohis
1060 2531 1178 2592 corum
1198 2545 1337 2594 summa
1436 2505 1437 2514 ἵ

333 2669 414 2746 curu
440 2657 477 2716 ct
503 2643 679 2744 diligentia
706 2658 789 2742 sunt
814 2631 1030 2742 agendastu
1055 2641 1164 2718 modo
1188 2620 1256 2717 nos
1281 2672 1338 2718 rc-

332 2761 406 2843 vise
439 2763 635 2869 aliquando.
669 2770 846 2844 Cossinius
879 2769 958 2870 hic,
990 2771 1046 2842 cui
1079 2759 1162 2844 dcdi
1193 2767 1332 2867 literas,

331 2893 435 2968 valde
459 2895 546 2966 mihi
570 2894 684 2968 bonus
715 2895 823 2982 homo
849 2908 886 2968 ct
917 2921 991 2968 non
1015 2895 1102 2972 levis
1109 2938 1126 2996 ,1
1151 2909 1188 2969 et
1213 2921 1337 2970 amans

334 3019 387 3092 tui
411 3019 506 3092 visus
531 3033 598 3117 cst,
623 3034 659 3092 et
684 3020 777 3120 talis,
803 3021 943 3122 qualem
959 3047 1036 3095 esse
1052 3047 1132 3095 eum
1148 3035 1231 3096 tuae
1247 3021 1338 3095 mihi

333 3143 454 3219 literae
479 3149 688 3222 nuntiarant.
716 3148 837 3220 Idibus
863 3147 1007 3221 Martiis.
1100 3221 1103 3232 „

628 3441 632 3447 '
723 3521 725 3526 ι
772 3423 913 3500 XXV.¹
1083 3465 1310 3546 (usuum)

337 3606 557 3680 Argumentum.
582 3623 592 3662 1
615 3603 722 3678 Quum
744 3580 867 3662 Atticus¹
885 3599 1028 3684 epistolae
1048 3601 1139 3660 XXll
1160 3600 1340 3684 respondis-

375 3718 435 3780 set,
456 3729 473 3766 2
495 3691 600 3768 *Cicero
621 3711 755 3790 primum
776 3709 881 3768 laetari
902 3729 933 3768 se
948 3707 1051 3772 scribit
1071 3710 1171 3768 Attico
1192 3729 1281 3770 suum
1296 3707 1341 3768 de

374 3811 442 3894 ipso
467 3814 611 3874 iudicium
640 3823 832 3896 perspectum
862 3833 938 3888 esse,
961 3795 1091 3896 eumque
1116 3817 1149 3875 in
1175 3813 1338 3875 iudicanda

283 3963 286 3970 ,
345 3923 359 3944 '⁴
374 3917 482 3997 Quinti
503 3920 666 3982 offensione
685 3920 958 4001 moderatissimum
975 3921 1083 3999 lirisse3
1098 3921 1116 3982 3
1129 3919 1238 3984 deinde
1256 3939 1336 4003 pau-
