2924 5002
317 395 388 470 310
688 409 861 461 rrrsrous
886 413 948 460 nn.
1100 409 1131 458 Α.
1149 413 1181 462 r.
1200 416 1229 462 c.
1247 407 1297 475 ⁶94

317 548 358 594 ac
384 515 562 616 sordidus,
586 513 650 589 sed
675 529 794 590 tumen
827 513 979 616 equestri
1012 513 1178 613 censu14,
1204 516 1320 587 Catie-

316 672 399 718 nus:
425 645 530 716 etiam
555 644 583 715 is
607 641 765 715 lenietur.
792 641 899 718 Cuius
925 654 965 713 tu
988 639 1026 712 in
1051 653 1188 740 patrem
1222 641 1319 743 quod

317 772 413 844 fuisti
438 770 611 870 asperior,
636 794 709 843 non
734 765 971 868 reprehendo:
998 779 1095 840 certo
1121 767 1216 839 enim
1233 769 1325 866 scio,

318 911 354 971 tc
379 896 501 970 fecisse
527 921 608 968 cum
625 920 739 968 causa.
767 893 836 966 Sed
853 892 939 994 quid
956 919 1046 993 opus
1063 892 1128 964 luit
1148 894 1326 966 eiusmodi

267 1097 276 1118 2
318 1021 445 1123 literis,
470 1047 556 1125 quas
583 1021 630 1094 ad
653 1019 770 1121 ipsum
794 1017 939 1094 misistil
963 1018 1062 1092 illum
1088 1045 1228 1092 crucam
1257 1017 1327 1092 sibi

318 1151 433 1250 ipsum
462 1151 692 1247 constituere,
717 1173 761 1220 ex
785 1173 854 1248 qua
879 1161 919 1218 tu
944 1116 1030 1218 enni
1050 1159 1132 1218 ante
1157 1145 1329 1218 detraxis-

320 1301 391 1376 ses:
419 1290 454 1347 te
488 1273 830 1375 curaturum,fi1mo
856 1285 897 1345 nt
922 1272 1201 1371 combureretur,
1225 1273 1329 1373 plau-

321 1401 426 1473 dente
452 1415 528 1474 tota
551 1400 743 1501 provincia.
774 1398 873 1492 Quid
898 1415 983 1473 vero
1010 1397 1056 1472 ad
1089 1401 1127 1472 C.
1155 1399 1325 1497 Fabium,

321 1528 441 1601 nescio
468 1525 590 1629 queml
617 1531 719 1616 (nam
743 1552 821 1600 eam
839 1550 979 1628 quoque
996 1523 1182 1625 epistolam
1198 1524 1240 1598 Τ.
1258 1526 1328 1598 Ca-

315 1655 438 1726 tienus
451 1655 714 1753 circumgestat)
732 1653 923 1727 renuntiari
934 1651 999 1724 tibi
1013 1653 1052 1752 ¹⁵,
1068 1651 1242 1726 Licinium
1255 1651 1331 1752 pla-

323 1780 471 1875 giarium
502 1806 583 1851 cum
615 1805 679 1852 suo
712 1777 810 1880 pullo
835 1777 982 1854 milvino
1007 1778 1138 1852 tributa
1171 1779 1330 1876 exigercl

322 1903 460 1976 Deinde
478 1931 578 2003 rogas
595 1903 759 2005 Fabium,
776 1919 816 1976 ut
833 1919 869 1977 et
884 1919 1022 2005 patrem
1046 1903 1208 1977 etlilium
1226 1905 1330 1978 vivos

324 2029 524 2130 comburat,
549 2033 578 2103 si
603 2032 733 2131 possit:
760 2033 812 2104 sin
837 2033 969 2130 minuo,
996 2030 1046 2102 ad·
1067 2044 1103 2102 te
1127 2031 1260 2130 mittat,
1276 2033 1333 2103 nti

323 2155 456 2229 iudicio
483 2157 742 2230 comburantur.
775 2156 853 2228 Hae
885 2157 1005 2230 literae
1038 2155 1100 2228 abs
1126 2169 1162 2228 te
1186 2182 1252 2256 per
1277 2158 1331 2230 io-

324 2307 405 2352 curu
429 2283 555 2356 missae
581 2282 627 2357 ad
653 2284 690 2357 C.
717 2280 889 2388 Fabium,
913 2284 944 2355 si
959 2281 1068 2358 modo
1087 2295 1169 2354 sunt
1192 2295 1274 2354 tuae
1288 2285 1335 2382 ¹⁶,

299 2411 435 2506 'quum
460 2407 640 2508 leguntur,
664 2405 876 2484 invidiosam
901 2408 1121 2481 atrocitatem
1140 2406 1332 2501 verborum

323 2531 465 2607 habent.
500 2597 503 2606 .

307 2755 309 2760 7
374 2660 406 2752 4-
416 2660 479 2758 Ac,
496 2659 526 2732 si
544 2661 700 2732 omnium
717 2685 874 2733 meamm
886 2657 1065 2734 literarum
1078 2673 1268 2759 praecepta
1281 2686 1332 2734 re·

324 2796 440 2882 petes:
456 2785 643 2886 intelliges,
659 2785 746 2858 nihil
762 2812 836 2859 esse
852 2811 956 2884 ame,
972 2786 1040 2858 nisi
1053 2787 1223 2859 orationis
1238 2813 1333 2860 acer·
1383 2780 1385 2782 ’
1453 2879 1454 2894 ¹

323 2905 474 2983 bitatem
491 2925 526 2984 et
544 2913 779 3010 iracundiam,
805 2925 858 3010 et,
884 2911 1037 3011 si'lorte,
1054 2939 1133 2986 raro
1153 2911 1332 2986 literarum

325 3036 509 3110 missarum
533 3038 789 3136 indiligentiam
814 3035 1071 3137 reprehensam.
1097 3038 1332 3140 Quibusqui-

326 3158 470 3234 demin
501 3163 605 3235 rebus
638 3165 667 3236 si
702 3162 799 3263 apud
831 3178 866 3236 te
899 3163 978 3262 plus
1012 3165 1201 3237 auctoritas
1233 3190 1333 3262 mea,

326 3309 433 3384 quam
457 3297 518 3357 tua
535 3288 608 3359 sive
633 3301 757 3360 natura
775 3287 895 3387 paullo
914 3289 1041 3388 acrior,
1066 3291 1139 3362 sive
1157 3288 1332 3390 quaedam

327 3407 478 3484 dulcedo
507 3411 707 3485 iracundiae
728 3429 769 3513 ¹⁷,
794 3414 868 3488 sive
895 3411 1036 3487 dicendi
1059 3411 1140 3514 sal,
1171 3414 1335 3488 facetiae-

327 3561 412 3635 que,
436 3534 662 3639 valuisset18,
686 3537 774 3612 nihil
799 3566 883 3613 sane
909 3554 1017 3640 esset,
1044 3540 1140 3642 quod
1165 3567 1233 3616 nos
1249 3567 1333 3642 poe-

324 3661 461 3734 niteret.
487 3665 536 3737 Et
560 3663 729 3740 mediocri
753 3692 810 3740 me
836 3665 958 3740 dolore
974 3681 1079 3768 putas
1096 3649 1202 3767 affici,
1222 3694 1332 3769 quum

326 3786 483 3889 audiam,
509 3817 577 3892 qua
603 3792 648 3866 sit
672 3793 926 3866 existimatione
943 3793 1125 3893 Virgilius,
1151 3821 1222 3894 qua
1248 3809 1330 3867 tuus

325 3912 460 3987 vicinus
485 3917 523 3991 C.
552 3917 741 4018 Octariusl
765 3917 856 3994 Nam
881 3920 911 3992 si
937 3933 973 3992 te
989 3919 1214 3996 interioribus
1230 3935 1260 3986 ¹9
1278 3922 1333 3996 vi-
