2834 5012
470 423 721 474 lntaonvct‘w
1041 433 1102 481 ¹1¹

89 525 209 608 stolas
238 524 422 638 collegit,
459 529 620 640 suisque
651 525 814 610 tradidit
849 533 1015 644 pesteris
1043 533 1101 616 Ie-

91 671 255 787 gendas.
285 672 422 786 Atque
460 677 617 758 utinam
654 704 792 760 earum
830 677 959 759 nullas
996 677 1101 764 desi-

89 821 344 907 deraremus,
363 823 492 937 Atqui
520 841 612 908 ante
641 819 897 909 constantem
928 833 1102 912 auctoris

90 971 353 1084 pauoissImas
381 971 598 1075 habemus,
621 966 748 1056 nuIIas
770 989 904 1056 autem
934 977 977 1056 in
999 1003 1101 1058 con·

92 1121 229 1204 sulatu
255 1125 358 1207 eius:
388 1121 498 1235 quod
520 1120 686 1234 quidem
717 1137 875 1234 tempus
904 1121 1102 1206 fecundis-

93 1271 244 1353 simum
264 1269 386 1352 rebus
407 1272 524 1384 gestis
546 1267 645 1354 fuit:
669 1273 766 1353 item
788 1271 919 1352 nullae
946 1285 1103 1376 exstant

94 1447 297 1504 annorum
327 1423 376 1506 V.
407 1422 454 1503 C.
483 1419 622 1520 DCC,
660 1435 699 1502 et
736 1421 875 1503 DCCI
909 1418 959 1502 ad
992 1418 1101 1501 Atti·

95 1597 191 1653 cum
221 1573 390 1683 scriptae
419 1569 488 1680 (1)
502 1571 663 1683 Neque
693 1569 791 1652 huie
817 1567 1010 1651 desiderio
1039 1567 1100 1650 Ia.-

95 1747 184 1803 sere
214 1722 306 1802 satis
347 1735 518 1834 possunt
558 1722 755 1804 orationes
797 1697 974 1830 aliquot,
1001 1745 1101 1828 quas

96 1870 137 1948 in
166 1869 380 1952 consulatu
409 1867 554 1951 habuit
574 1870 645 1980 (a),
667 1896 770 1980 quae
798 1866 877 1948 hac
905 1865 955 1949 de
983 1893 1102 1948 eausa

97 2017 332 2101 consulares
357 2020 737 2121 nominantur;.ne0
766 2019 1103 2100 commentarium

98 2165 220 2249 attici
261 2169 339 2280 (3),
379 2197 510 2281 neque
547 2178 693 2282 poema
735 2183 776 2250 et
817 2162 1103 2250 e'ommentaria

99 2313 375 2398 satisfecissent
402 2319 486 2432 (4),
528 2347 631 2429 quae
667 2320 750 2430 ipse
792 2331 876 2398 met
916 2314 965 2396 de
1002 2340 1102 2394 eon-

137 2669 176 2748 (1)
199 2671 384 2732 tattaeus
417 2691 558 2754 praesens
591 2691 647 2754 per
679 2670 753 2730 haec
780 2680 917 2750 tempora
940 2651 1113 2740 consideat

101 2763 188 2826 dabat
209 2767 332 2828 amico?
360 2767 427 2830 Hoc
447 2768 571 2851 quidem
593 2767 659 2830 fieri
680 2767 799 2851 potuit,
826 2764 1003 2847 praesertim
1024 2745 1121 2820 dim-⁸

101 2863 145 2921 citi
166 2863 340 2942 consulatus
361 2875 514 2948 tempore,
535 2866 627 2950 idque
648 2865 729 2925 idem
750 2864 856 2924 Cicero
878 2858 983 2920 suadet
1003 2859 1034 2916 in
1055 2878 1104 2939 ep.

102 2961 137 3019 ³d
159 2963 215 3023 III·
237 2963 350 3035 XXII,
371 2983 408 3024 a:
430 2955 569 3046 Expenis
590 2984 665 3048 quas
686 2961 850 3044 fhcultates
869 2971 923 3020 aut
939 2955 1103 3041 province-

102 3057 168 3118 Iium
177 3105 188 3134 ,
214 3072 267 3120 atet
295 3061 473 3124 urbanorum
500 3061 720 3126 commodorum
746 3073 776 3122 et
793 3059 861 3120 aliis
883 3055 1057 3138 temporibus
1077 3066 1106 3114 et

101 3176 144 3214 me
164 3157 224 3239 ipso
244 3159 364 3218 comula
381 3162 618 3241 praetemziseiis.
650 3159 710 3221 Sed
731 3178 826 3242 quare
854 3154 906 3215 illo
934 3155 1001 3236 Ipso
1023 3170 1103 3210 anno

101 3259 194 3322 nullas
214 3262 287 3320 item
307 3260 347 3321 ad
367 3259 441 3322 aIios
461 3262 561 3323 misit?
576 3265 635 3323 Aut
653 3263 733 3322 curis
750 3258 896 3320 distentus
911 3251 1043 3312 muneris
1057 3249 1103 3308 sui

104 3368 219 3440 tempus
239 3359 279 3418 ad
300 3359 473 3422 scribendas
502 3361 603 3423 literas
629 3379 692 3422 non
717 3356 865 3426 habebat,
894 3349 976 3435 quod
997 3347 1104 3420 cred03

102 3467 154 3515 aut
175 3456 295 3518 sortasse
316 3456 433 3540 aliquas
454 3461 550 3532 misit,
564 3479 643 3542 quae
659 3462 738 3520 inter
758 3451 928 3539 deperditas
950 3465 1104 3510 recensen-

104 3551 159 3613 dae
181 3566 254 3615 sunt
903 3569 910 3583 ·

142 3653 184 3727 (2)
205 3651 297 3733 Epist.
319 3653 443 3726 XXVI,
465 3677 498 3727 a,
519 3667 549 3717 et
570 3655 679 3718 CVIII.

145 3749 188 3824 (3)
209 3749 264 3831 Ep.
286 3751 407 3822 XXVI,
434 3774 456 3812 ι.

144 3846 186 3922 (4)
209 3846 262 3928 Ep.
284 3848 409 3922 XXIV,
430 3848 457 3910 8.
