2924 5002
330 420 402 496 358
692 433 965 486 tunortrtouus

329 546 367 606 26
388 545 436 605 Sc.
458 541 583 603 eandem
604 543 682 612 vim,
703 559 795 621 quam
815 537 969 599 habebant
983 547 1068 609 ante,
1082 557 1174 620 quam
1190 557 1325 602 remove-

367 661 452 711 retur
472 647 604 708 studium
630 646 839 708 eorrtentiouis.
867 644 1055 725 GrutoflEm.
1082 643 1194 707 schutz
1221 665 1326 707 vocem

366 753 491 836 eandem
512 754 687 814 omiserunt.

156 872 157 888 ¹
221 889 223 894 ·
329 884 365 944 27
387 861 446 922 Sic.
466 870 536 920 vett
550 859 633 932 edd,
652 859 735 918 etsie
748 868 792 920 est
806 855 1047 929 rescribendum,
1069 857 1326 939 quemadmodum

366 967 558 1028 monebimus
577 964 616 1025 ad
637 985 683 1047 ep.
705 985 765 1045 seq.
786 983 816 1024 o.
839 983 886 1046 29.
907 963 999 1045 Vulg.
1020 963 1106 1024 Mati.
1185 961 1188 966 ’

329 1073 368 1141 28
387 1074 434 1134 lta
463 1072 539 1133 bene
565 1071 611 1132 ed.
640 1073 725 1147 lens3
754 1069 792 1130 ef.
819 1090 888 1152 epp.
915 1069 1100 1142 CCLXXX,
1121 1089 1153 1142 2,
1190 1069 1330 1144 DCCCl,

319 1188 328 1211 t
368 1179 548 1239 DCCCXLl
569 1188 599 1239 et
619 1176 807 1238 DCCGLIV.
829 1177 888 1237 Alii
908 1167 957 1236 De
979 1197 1002 1236 s.
1025 1177 1096 1258 reip.
1118 1175 1211 1254 Quod
1233 1178 1330 1258 sequi-

369 1297 435 1347 tur:
456 1307 493 1346 ne
512 1297 567 1345 aut
585 1281 740 1344 metuendo
761 1285 946 1366 septimum
967 1281 1111 1344 adiecisse
1132 1286 1222 1344 iactet
1241 1285 1331 1343 Lam-

368 1390 458 1453 binus
477 1412 513 1451 ex
534 1390 619 1451 codd.
640 1390 763 1450 Memnr.
790 1390 988 1472 Praepostere
1008 1399 1111 1450 tamen
1130 1387 1226 1450 edidit
1246 1409 1283 1449 ne
1301 1408 1330 1450 a.

369 1498 577 1559 dommi

331 1625 370 1690 ²9
391 1604 460 1664 Scil.
474 1624 536 1664 non
549 1602 741 1676 damnatum,
763 1605 869 1662 utiam
891 1611 993 1684 posset
1006 1621 1101 1683 remp.
1120 1597 1247 1662 vexare.'
1260 1601 1331 1661 Em.

332 1711 370 1771 30
391 1711 486 1787 Quasi
509 1708 690 1770 beneficium
711 1709 803 1770 fuerit
824 1708 931 1769 Clodio
951 1709 1098 1770 exsilium.

332 1818 365 1875 31
391 1815 484 1875 Ludit
504 1818 535 1875 in
555 1814 663 1876 habitu
691 1825 720 1876 et
748 1815 848 1892 cultu,
869 1835 931 1898 quo
955 1835 1027 1876 usus
1048 1823 1094 1876 est
1114 1813 1239 1876 Clodius
1259 1813 1331 1874 dum

370 1920 409 1982 ad
429 1942 513 1981 sacra
533 1921 634 1982 Bonae
653 1922 737 1981 Deae
750 1920 881 1982 necessit.
902 1923 978 1982 Nam
992 1921 1132 1984 illiberali
1145 1921 1221 1982 lucie
1241 1920 1332 1982 fuisse

317 2081 322 2096 ,
371 2027 462 2088 tradit
483 2027 544 2087 Cic.
564 2027 593 2087 in
615 2025 754 2088 Publium
765 2039 795 2086 et
820 2027 988 2101 Curionem,
1012 2027 1047 2102 5,
1075 2039 1106 2088 et
1118 2039 1226 2089 auctor
1253 2048 1334 2088 eom-
1454 2049 1455 2087 i

370 2135 509 2195 mentorii
530 2135 562 2193 in
582 2133 668 2194 illum
689 2133 753 2210 loc;
773 2144 803 2196 et
824 2137 855 2194 in
869 2146 945 2196 orat.
968 2133 1007 2195 de
1018 2153 1087 2195 aere
1105 2135 1145 2196 al.
1157 2132 1335 2206 Milouem
1453 2123 1455 2252 l

371 2238 475 2299 Refert
495 2249 596 2300 nutem
616 2240 799 2302 Plutarchus
821 2262 892 2302 eum
911 2241 1081 2302 imberbem
1102 2242 1210 2316 fuisse,
1230 2253 1261 2302 et
1274 2241 1359 2314 cul„
1454 2311 1455 2338 1

373 2356 439 2405 tum
459 2345 608 2408 Psaltriae
629 2351 806 2430 sumpsisse3
827 2350 857 2409 in
880 2349 939 2410 cic.
959 2371 976 2408 c
997 2348 1044 2410 28.

331 2451 371 2514 32
393 2453 443 2513 Sic
457 2454 584 2514 coniecit
597 2453 713 2514 Manut.
728 2465 759 2515 et
772 2455 887 2516 editum
899 2455 986 2516 finita
1000 2454 1069 2517 Seh.
1083 2453 1251 2516 Lambinus
1265 2475 1338 2515 eon·
1454 2455 1455 2482 ¹

373 2561 444 2621 iecit
455 2558 584 2641 saeuam.
600 2560 711 2643 Vulgo.
724 2561 849 2644 fielium.
870 2563 937 2623 Non
956 2574 1046 2645 negat
1062 2562 1169 2623 Cicero
1181 2561 1221 2622 ad
1234 2562 1339 2634 Baias,
1452 2579 1454 2706 1

374 2665 426 2726 sed
439 2666 587 2740 defendit,
607 2667 697 2730 fuisse
718 2669 757 2730 ad
770 2670 874 2743 linias,
894 2672 1018 2731 omnino
1039 2669 1222 2742 aliudesse,
1246 2691 1340 2753 quam
1452 2707 1453 2798 ἱ

1452 2805 1453 2860 l

375 2772 451 2832 illud
477 2773 595 2846 Clodii,
617 2777 669 2858 qui
693 2776 723 2835 in
744 2787 853 2859 opertu
872 2775 974 2838 Bonae
993 2778 1077 2839 Deae
1096 2777 1162 2838 fuit.
1183 2778 1274 2857 Quae
1295 2799 1342 2839 se·
1452 2799 1453 2802 ’

373 2889 529 2959 quuntur,
550 2881 693 2942 Schiitzio
712 2885 776 2942 visa
797 2893 866 2943 sunt
890 2893 1049 2966 corrupta,
1078 2883 1208 2966 ideoque
1235 2905 1272 2944 ex
1296 2888 1341 2944 in·

374 2987 462 3066 genio
490 2985 596 3048 edidit:
623 2987 677 3047 sed
701 3000 762 3049 tam
789 2988 823 3050 id
849 2989 967 3072 quidem
987 2991 1055 3052 lusio
1073 2991 1180 3064 simile,
1199 2992 1343 3074 inquam,

374 3111 464 3173 quam
490 3095 518 3154 si
547 3092 630 3156 dictu
654 3096 685 3155 in
713 3112 816 3179 operto
832 3095 942 3181 fiu'sse,
973 3101 1112 3169 δεικτικῶς
1139 3100 1344 3179 pronuntian-

374 3196 462 3270 dum,
482 3221 539 3281 pro
567 3207 627 3262 tium
652 3201 686 3264 t’d
709 3204 781 3264 miti
798 3204 892 3264 simile
912 3197 964 3264 est.
988 3205 1048 3264 Nos
1068 3203 1207 3264 dedimus
1232 3204 1342 3286 vulga-

375 3312 456 3364 tum:
476 3305 548 3388 quid
566 3321 610 3368 est
628 3308 700 3382 boe,
720 3308 803 3392 quod
828 3323 859 3370 tu
886 3308 979 3370 dicis?
1000 3311 1092 3370 simile
1118 3332 1154 3370 ne
1175 3324 1234 3384 est,
1254 3332 1294 3371 ar
1318 3311 1347 3369 si

376 3407 473 3482 dicar,
501 3432 547 3472 me
566 3415 596 3474 in
616 3428 719 3497 operto
748 3418 851 3478 Bonae
872 3415 957 3478 Deae
968 3416 1085 3499 fitis-sel
1105 3418 1186 3478 Vett.
1216 3417 1286 3478 edd.
1313 3429 1344 3477 et
1449 3435 1450 3499 l

377 3515 447 3576 libri
468 3521 570 3602 scripti
591 3520 645 3614 sed
657 3533 753 3584 muron
767 3522 840 3606 quid
853 3523 920 3585 lmic
930 3524 1024 3586 siriiile
1036 3537 1095 3600 est,
1108 3525 1244 3607 inquom,
1257 3526 1344 3609 quasi

376 3620 534 3707 diufi
940 3617 942 3622 ’
1344 3705 1346 3711 .

339 3727 377 3789 33
399 3728 466 3792 Hoc
486 3733 633 3796 referebat
654 3735 778 3798 Clodius
799 3738 837 3798 ad
859 3737 1036 3799 antecedens
1057 3738 1172 3799 dictum
1186 3739 1226 3798 de
1243 3737 1343 3806 Baiis,

377 3834 429 3898 ubi
451 3851 536 3900 erant
556 3863 652 3922 aquae
671 3845 781 3905 caldae.
804 3845 922 3908 Scbtitz.
943 3847 1024 3910 Veu.
1045 3845 1111 3906 edd.
1134 3855 1164 3906 et
1184 3844 1252 3906 libri
1280 3863 1336 3905 scr.
1447 3843 1448 3907 l

342 3973 345 3979 ·
378 3963 468 4023 quam
490 3947 612 4029 plurimi
634 3971 659 4010 c.
679 3971 706 4014 a.
728 3950 840 4023 calidis.
