2834 5012
361 415 403 505 14
725 427 895 478 nrrsront
923 431 969 476 tv.
1125 426 1155 476 Α.
1173 431 1205 477 v.
1225 431 1251 476 c.
1268 425 1313 475 tto

355 533 495 608 Lentuli
518 532 617 604 navis
641 555 714 604 non
739 529 824 628 erit,
853 554 923 632 quo
950 527 1014 600 tibi
1038 527 1207 629 placebit,
1231 531 1337 630 impo-

355 662 440 734 nito·
485 713 488 722 .

404 813 424 885 7
451 783 614 882 Tulliola,
639 781 846 855 deliciolae6
863 793 1017 880 nostrae,
1038 793 1138 852 tuum
1161 806 1337 854 munuscu-

352 907 423 980 lum
441 908 589 1006 flagitat,
610 921 647 980 et
662 933 735 1006 me,
751 918 791 979 nt
808 929 1029 1007 sponsorem,
1046 905 1214 1006 appellat:
1232 907 1335 979 mihir

352 1047 469 1106 autem
494 1031 651 1106 abiurare
676 1032 801 1106 certius
826 1023 896 1128 eet,
920 1056 1025 1132 quam
1051 1030 1257 1132 dependere.

824 1281 867 1356 V·
1108 1321 1232 1378 (ΔιιΔιι.
1249 1323 1316 1381 ¹2⁹>

353 1433 570 1540 Argrdnentum.
595 1478 605 1516 r
630 1457 723 1518 Raras
743 1456 783 1518 ab
809 1459 907 1518 Attico
936 1457 1035 1518 literas
1062 1459 1164 1518 venire
1196 1459 1335 1540 queritur.

393 1585 410 1622 2
432 1563 524 1643 Signa
543 1562 599 1623 sibi
619 1574 653 1622 ut
674 1574 778 1636 curet,
797 1565 881 1647 petit.
902 1564 920 1624 3
942 1562 1031 1624 Chilii
1052 1567 1239 1648 rogationem
1260 1583 1336 1623 com·

392 1669 520 1730 mendat.

585 1801 638 1855 Ser.
656 1800 750 1853 Romae
767 1799 798 1851 Δ.
815 1799 849 1853 V.
867 1801 896 1854 C.
913 1801 1099 1854 nctxxxvt.

661 1969 803 2035 CICERO
827 1971 976 2036 ATTICO
1002 1973 1031 2035 S.

404 2185 417 2230 r
447 2158 604 2232 Nimium
628 2183 705 2232 raro
730 2156 832 2230 nobis
857 2156 919 2232 abs
944 2170 980 2230 te
1004 2157 1122 2232 literae
1139 2158 1334 2233 alienantur:

351 2309 457 2384 quum
483 2298 518 2356 et
541 2283 653 2357 multo
686 2296 725 2356 tu
758 2283 890 2357 facilius
915 2285 1083 2384 reperias,
1110 2286 1170 2387 qui
1193 2287 1334 2360 Romam

348 2409 625 2509 proficiscantur,
651 2435 756 2510 quam
781 2435 864 2510 ego,
883 2411 943 2512 qui
959 2409 1129 2508 Athenas,
1153 2425 1189 2484 et
1216 2412 1334 2485 certius

349 2534 413 2607 tibi
437 2535 499 2634 sit,
519 2559 577 2610 me
602 2561 676 2609 esse
700 2537 848 2633 Romae,
874 2561 979 2638 quam
1003 2535 1103 2634 mihi,
1125 2548 1160 2608 te
1185 2537 1333 2610 Athenis.

347 2660 469 2762 Itaque
493 2676 638 2762 propter
661 2661 753 2734 hanc
779 2659 1032 2736 dubitationem
1061 2687 1175 2736 meam
1199 2662 1334 2738 brevior

347 2783 433 2858 haec
456 2788 534 2886 ipsa
559 2787 706 2888 epistola
731 2800 800 2859 est:
834 2786 929 2888 quod
940 2842 951 2885 ,
973 2813 1084 2888 ¹qnam
1107 2788 1262 2861 incertus
1285 2813 1332 2860 cs·

347 2935 437 3007 aem,
454 2910 514 2981 ubi
531 2937 639 3009 esses,
655 2910 818 2984 nolebam
833 2911 931 2984 illum
954 2925 1112 2986 nostrum
1137 2912 1333 2988 familiarem

347 3058 542 3106 sermonem
566 3037 603 3106 in
628 3034 757 3108 alienas
782 3061 905 3108 manus
931 3036 1104 3111 devenire.

398 3185 419 3228 2
445 3159 548 3256 Signa
574 3161 746 3257 Megarica
766 3177 789 3259 ¹,
818 3173 854 3234 et
878 3161 1041 3261 Hermas,
1071 3162 1114 3234 de
1139 3161 1268 3263 quibus
1293 3159 1333 3233 ad

346 3309 403 3354 me
424 3285 606 3386 scripsisti,
624 3285 846 3360 vehementer
862 3299 1034 3386 exspecto.
1053 3285 1237 3388 Quidquid
1253 3289 1333 3359 eius·

347 3407 427 3478 dem
452 3412 583 3508 generis
613 3411 772 3512 habebis,
794 3412 938 3512 digitum
954 3411 1141 3486 Academia
1159 3413 1225 3485 tibi
1242 3409 1333 3512 quod

347 3530 537 3634 videbitur,
560 3563 605 3609 ne
631 3536 798 3612 dubitaris
811 3553 826 3584 ²
850 3537 1006 3636 mittere,
1022 3550 1059 3610 et
1075 3562 1174 3614 arcae
1195 3551 1332 3611 nostrae

282 3653 284 3658 ’
346 3658 522 3734 confidito.
556 3662 675 3736 Genus
707 3662 777 3738 hoc
809 3677 862 3741 est
886 3659 1078 3761 voluptatis
1107 3687 1222 3734 meae:
1249 3685 1332 3763 quae

344 3787 534 3874 yapaamddn
560 3788 708 3861 maximo
733 3802 829 3886 sunt,
854 3813 895 3860 ea
920 3812 1058 3888 quaero.
1082 3786 1252 3860 Lentulus
1276 3811 1332 3859 na-

344 3909 436 3978 ves³
462 3935 539 3983 suas
564 3912 754 4012 pollicetur.
780 3916 868 3988 Peto
894 3910 955 3986 abs
980 3924 1033 4010 te,
1058 3923 1097 3983 nt
1120 3912 1207 3985 haec
1235 3935 1329 3985 cures

346 4029 532 4129 diligenter.
