2882 5002
315 377 381 470 142
418 381 426 398 ’
670 399 839 449 nersront
863 401 943 454 xxv·
1080 375 1119 452 Ἀ.
1136 405 1171 453 r.
1188 406 1217 454 c.
1234 407 1283 468 sss

309 514 407 574 ctum
431 498 651 574 consulatum
675 526 800 575 meum.
825 503 920 576 Eum
943 499 1308 586 thumnensium

311 626 400 700 dedi.
426 628 518 698 Puto
544 639 579 698 te
603 628 738 703 Latinis
764 631 851 703 meis
876 629 1040 704 delectari
1047 659 1058 730 3
1082 631 1164 707 huic
1191 650 1310 712 autem

311 753 446 826 Graeco
473 753 648 825 Graecum
679 754 895 829 inviderem
920 755 988 829 Alii
1015 755 1054 854 [si
1085 760 1308 862 scripserint,

294 881 489 966 ¹mittemus
507 877 553 952 ad
578 891 630 980 te,
647 879 727 982 sed,
751 881 972 981 mihicrede,
996 881 1099 956 simul
1116 899 1221 986 atque
1238 886 1309 961 hoc

310 1019 470 1081 nostrum
493 1005 668 1108 legerunt,
694 1007 814 1088 nescio
840 1033 910 1110 quo
942 1023 1049 1108 pacto
1078 1011 1313 1086 retardantur.

361 1139 385 1212 8
409 1133 530 1231 Nunc,
545 1145 586 1209 ut
618 1131 665 1210 ad
681 1157 756 1209 rem
771 1159 886 1209 meam
910 1132 1068 1235 redeam,
1091 1139 1132 1213 L.
1149 1139 1311 1238 Papirius

310 1250 457 1360 Paetus,
482 1258 692 1358 virbonus,
718 1271 924 1360 amatorque
948 1261 1237 1361 noster1s,mihi
1269 1261 1313 1336 li-

310 1386 394 1462 bros
427 1410 487 1460 eos
499 1441 510 1486 ,
542 1409 630 1487 quos
655 1384 728 1457 Ser.
765 1385 934 1459 Claudius
959 1385 1120 1488 reliquit,
1153 1386 1312 1462 donavit.

312 1515 432 1607 Quum
456 1491 563 1610 mihi,
591 1536 656 1611 per
679 1510 793 1609 legem
818 1512 975 1585 Cinciam
1000 1511 1105 1585 licere
1130 1538 1256 1612 capere
1269 1529 1314 1612 ²⁰,

312 1639 452 1713 Cincius
478 1638 609 1710 amicus
635 1650 732 1710 tuus·
749 1635 903 1711 diceret:
935 1637 1100 1738 libenter,
1132 1637 1220 1739 dixi,
1253 1665 1311 1712 me

312 1778 554 1865 accepturum,
578 1762 608 1834 si
624 1761 805 1838 attulisset.
829 1761 950 1861 Nunc,
975 1763 1005 1836 si
1024 1789 1080 1836 me
1097 1789 1210 1862 amas,
1226 1764 1257 1836 si
1275 1777 1310 1836 te

288 1919 332 2004 ,a
349 1915 406 1964 me
422 1891 532 1964 amari
548 1890 630 1988 scis,
657 1890 787 1966 enitere
811 1913 877 1990 per
902 1889 1049 1989 amicos,
1069 1887 1230 1987 clientes,
1248 1889 1313 1963 ho·

311 2019 435 2120 spites,
451 2016 595 2090 libertos
613 2016 779 2118 denique,
796 2041 837 2089 ac
854 2041 973 2090 servos
990 2029 1087 2116 tuos,
1108 2030 1149 2088 ut
1165 2016 1265 2090 scida
1279 2031 1309 2068 ²¹

293 2169 356 2216 xne
374 2170 442 2244 qua
461 2140 635 2246 depereat.
661 2141 752 2216 Nam
778 2155 815 2214 et
838 2142 980 2215 Graecis
1006 2142 1059 2215 his
1084 2140 1194 2240 libris,
1221 2169 1312 2244 quos

311 2271 485 2371 suspicor,
517 2284 553 2344 et
575 2271 727 2372 Latinis,
759 2295 848 2372 quos
882 2249 954 2342 scio
986 2267 1086 2343 illum
1116 2268 1313 2370 reliquisse,

311 2396 398 2469 mihi
422 2395 646 2472 vehementer
678 2421 768 2497 opus
797 2409 857 2468 est.
889 2395 968 2492 Ego
1002 2408 1119 2469 autem
1150 2395 1311 2496 quotidie

310 2524 438 2623 magis,
463 2522 559 2624 quod
583 2521 669 2596 mihi
695 2499 739 2594 de
764 2521 892 2595 forensi
916 2519 1038 2593 labore
1063 2519 1232 2620 temporis
1252 2519 1314 2594 da·

312 2662 384 2748 tur,
408 2650 447 2722 in
470 2650 511 2722 iis
529 2648 652 2724 studiis
679 2647 899 2749 conquiesco.
923 2647 992 2720 Per
1016 2645 1118 2743 mihi,
1143 2669 1225 2745 per,
1257 2646 1313 2718 in·

312 2801 433 2875 quam,
459 2789 594 2872 gratum
618 2774 757 2873 feceris,
782 2774 811 2846 si
835 2773 873 2844 in
897 2770 965 2844 hoc
983 2785 1057 2844 tam
1075 2769 1221 2870 diligens
1238 2770 1313 2844 fue·

311 2901 357 2971 ris
364 2954 375 2998 ,
400 2926 505 3000 quam
524 2899 614 2974 soles
631 2901 670 2974 in
694 2899 749 2972 his
773 2897 894 3001 rebus,
919 2923 1005 2997 quas
1024 2921 1081 2969 me
1098 2893 1202 2970 valde
1219 2895 1311 2968 velle
1394 2870 1399 2886 ’

312 3025 503 3125 arbitraris,
528 3025 706 3128 ipsiusque
730 3023 831 3100 Paeti
863 3021 929 3096 tihi
960 3021 1100 3120 negotia
1130 3045 1314 3094 commen·

313 3148 376 3247 do,
401 3149 446 3223 de
476 3151 603 3252 quibus
634 3151 699 3224 tibi
729 3150 787 3228 ille
820 3150 893 3248 agit
908 3164 939 3196 ²²
965 3147 1133 3222 maximas
1166 3147 1313 3246 gratias,

313 3286 349 3343 et
355 3328 365 3371 ,
382 3287 422 3346 ut
445 3275 515 3350 iam
530 3277 660 3357 invisas
676 3302 758 3376 nos,
775 3300 850 3357 non
866 3273 980 3379 solum
997 3297 1108 3372 rogo„
1124 3271 1188 3346 sed
1205 3272 1314 3344 etiam

313 3397 451 3477 suadeo.

737 3525 877 3603 XXVI·
990 3519 993 3528 ’
1054 3551 1176 3626 (sa'au.
1192 3566 1237 3627 11,
1252 3566 1288 3626 ι)

312 3702 531 3782 Argzmsentum.
556 3725 567 3765 1
590 3705 638 3766 De
657 3704 782 3764 historia
803 3674 973 3764 consulatus
988 3700 1175 3762 Ciceroniani
1196 3700 1237 3761 ab
1256 3701 1316 3760 As-

350 3811 410 3869 tico
432 3805 546 3872 Gmece
565 3813 696 3895 scripta,
716 3813 849 3890 itemque
870 3809 907 3870 de
929 3828 984 3868 suo
1004 3809 1068 3868 eius
1090 3785 1313 3868 commentario

352 3914 483 3994 Gracco3
504 3937 521 3977 2
542 3915 579 3977 de
604 3915 805 3988 orationibus,
829 3916 990 4001 praecipue
1018 3912 1242 3984 consederibus,
1268 3911 1313 3973 ad
