2932 5000
278 385 349 460 388
638 402 906 452 annorlrionas

277 509 317 590 39
337 505 404 568 Hoc
422 505 567 586 praetuli,
587 504 669 584 quod
690 515 735 564 est
754 508 784 564 in
805 525 866 565 nno
887 502 974 564 Amb.
1000 523 1035 562 io
1055 513 1085 564 et
1104 502 1150 563 ed.
1165 503 1286 579 Rom.;

315 612 440 693 vulgato
460 623 492 670 at
511 596 539 668 s'i
555 612 633 692 φαίη
654 611 736 671 nulla
757 623 801 671 est
821 614 900 670 enim
920 609 971 669 hic
992 612 1151 692 oppositio.

276 719 317 795 4ο
338 719 404 778 Hoc
423 728 522 777 totum
543 738 605 776 esse
626 738 644 776 a
664 717 827 798 glossatore
848 728 927 777 recte
947 716 1023 778 vidit
1050 716 1122 777 Ern.
1142 715 1282 778 Duobus

317 821 426 883 Ambh.
448 822 532 883 abest
551 844 648 904 qnam.

279 929 313 1006 4ι
338 931 384 990 lta
404 929 515 990 Schfita
541 907 577 988 de
603 931 747 989 sententia
769 929 873 989 Vrsini
894 941 924 990 et
943 928 1090 1005 Ernestii3
1116 932 1283 1003 intentius,

319 1057 411 1116 qnam
432 1036 511 1116 vulg.
534 1036 585 1096 tibi
603 1037 660 1114 ipsi
676 1036 739 1096 illa.

278 1142 318 1218 42
338 1141 415 1202 Edd.
437 1143 509 1200 Min.
531 1153 561 1202 et
581 1141 672 1202 Herv.
697 1141 781 1222 Quae
794 1163 884 1224 quum
898 1142 1018 1202 honesta
1030 1143 1067 1202 sit
1079 1145 1110 1203 in
1124 1155 1201 1202 tanto
1220 1144 1285 1202 im·

316 1249 451 1328 per-io-
465 1246 564 1308 divina
590 1246 722 1308 videatur
746 1269 860 1307 necesse
884 1261 935 1308 est.
960 1249 1106 1330 Imperio,
1130 1251 1286 1310 nimirum

321 1352 404 1432 qnod
423 1350 517 1412 habes
537 1355 569 1412 in
589 1354 666 1414 Asia.

280 1459 318 1533 43
341 1458 473 1532 Omnes,
495 1480 571 1539 qnos
591 1460 741 1532 vidimus,
766 1465 862 1541 nsq'uc
888 1460 927 1520 ad
954 1460 1026 1520 Em.
1046 1460 1116 1520 libri
1141 1459 1285 1520 dicendo.

319 1562 428 1623 Paullo
449 1567 587 1646 superius
606 1565 652 1624 ed.
675 1566 765 1626 Hcrv.
787 1586 846 1625 non
857 1565 951 1647 facilc
970 1567 1177 1627 sustinebamus.

281 1668 322 1746 44
342 1669 444 1729 Facile
470 1681 535 1730 erat
564 1674 609 1730 ins
636 1671 735 1732 dicere
771 1675 801 1730 in
828 1674 1000 1753 provincia,
1030 1674 1060 1731 in
1090 1693 1150 1754 quc
1179 1692 1289 1753 neque

320 1783 383 1832 tam
404 1775 516 1834 multae
536 1775 631 1856 leges,
651 1798 751 1857 neque
777 1789 860 1842 tanta
888 1777 1088 1842 formularum
1114 1780 1197 1862 quasi
1228 1799 1288 1838 su-

320 1881 465 1961 perstitio.
485 1881 577 1940 Face.

281 1981 322 2059 45
339 1984 374 2043 ln
387 1985 564 2046 Macedonia
576 1998 766 2069 propraetor.
780 1989 831 2049 Sic
841 1992 957 2071 primus
966 1990 1039 2050 Em.
1052 1993 1192 2062 correxit,
1207 2010 1288 2054 usus

322 2093 501 2152 auctoritate
516 2091 561 2152 ed.
576 2094 668 2166 lens,
688 2105 719 2154 et
732 2095 868 2158 similiter
882 2107 926 2156 est
938 2099 969 2155 in
983 2117 1029 2178 ep.
1049 2097 1105 2156 Lll
1113 2141 1124 2170 ,
1143 2098 1171 2172 4.
1186 2097 1290 2178 Vulg.

325 2194 377 2256 Cn.
402 2195 545 2258 Octavius.
567 2201 643 2262 ltem
660 2203 787 2283 primum
808 2203 892 2263 lictor
909 2205 1015 2284 quievit
1034 2201 1202 2284 corrigebat
1220 2224 1286 2286 pro

321 2301 403 2383 vulg.
421 2304 534 2383 paitrus
555 2305 640 2366 lictor
656 2328 684 2389 q.
705 2308 939 2390 Malaspina‚·et
964 2307 1103 2390 placebat
1131 2310 1287 2369 Ernestio.

283 2405 323 2483 46
344 2409 405 2484 Qui
428 2407 566 2470 Sullanae
586 2411 722 2476 factionis
743 2415 853 2476 auxilio
873 2418 905 2474 in
919 2415 1047 2477 aliorum
1059 2414 1141 2476 bona
1153 2417 1288 2497 irrepse-

323 2524 399 2573 rant.
420 2514 511 2577 Face.

284 2619 323 2699 47
342 2620 494 2694 Adversus
521 2623 723 2704 Magistratus.
758 2627 813 2687 Tot
838 2627 973 2701 anxilio,
1000 2629 1061 2688 scil.
1087 2626 1286 2688 tribunorum

323 2725 364 2806 pl.
391 2737 495 2786 contra
516 2740 628 2790 ceteros
648 2735 848 2812 magistratus.
875 2733 972 2794 Tanta
992 2737 1050 2810 gis,
1073 2734 1202 2813 intellige
1222 2754 1284 2815 po,-

321 2831 403 2910 pnli‚
425 2853 517 2912 qnam
531 2855 637 2895 vocem
651 2837 792 2899 excidisse
811 2843 931 2922 putavit
950 2841 1107 2900 Ernestins
1122 2849 1152 2898 et
1166 2838 1288 2900 addidit

324 2934 443 2996 Sohiitz.
467 2940 530 2998 Vbi
541 2941 654 3002 nullum
673 2945 834 3017 auxilium,
853 2949 1014 3018 nimirum,
1033 2946 1117 3006 nulla
1137 2948 1285 3004 interces-

325 3043 369 3100 sio
390 3042 598 3119 tribnnorum,
612 3047 754 3111 adversus
780 3063 961 3133 praetorem.
982 3053 1075 3114 Nulla
1100 3052 1285 3131 conquestio,

324 3144 354 3205 h.
382 3170 406 3207 e.
433 3151 516 3210 nulla
542 3158 719 3234 provocatio
747 3159 827 3239 apud
853 3160 928 3219 alios
955 3161 1152 3239 magistratus.
1173 3155 1287 3216 Nullus

327 3266 460 3326 senatus,
480 3258 564 3318 nulla
584 3264 698 3335 concio,
718 3265 836 3324 nullum
857 3266 1002 3325 auxilinm
1016 3264 1070 3324 abs
1084 3274 1205 3336 senatu,
1217 3264 1286 3322 nnl-

324 3357 388 3416 lum
409 3381 427 3418 a
447 3365 562 3443 populo
582 3387 637 3447 per
658 3373 834 3432 concionem
854 3373 996 3434 elicitum.

205 3481 208 3488 ’
284 3461 324 3538 48
346 3464 395 3523 Sic
414 3475 580 3532 necessario
601 3485 644 3534 est
665 3478 874 3558 corrigendum
890 3479 969 3559 vulg.
984 3498 1091 3559 priore,
1111 3499 1201 3559 quum
1212 3496 1287 3557 pcr-

324 3575 423 3650 surgat
441 3576 468 3634 h.
489 3591 544 3651 cst,
565 3603 655 3661 quum
675 3586 740 3666 ipsa
760 3608 804 3656 ra,
825 3588 873 3648 vel
893 3587 1021 3646 alterum
1035 3606 1125 3668 quam
1144 3586 1286 3644 omitten-

325 3676 398 3736 dum
421 3701 489 3742 cnm
511 3687 659 3749 Lambino
680 3704 708 3751 et
722 3691 805 3752 Sch.:
830 3693 930 3775 Quare
947 3695 1114 3775 pennagni,
1130 3703 1185 3752 etc.
1202 3690 1284 3752 Edd.

323 3784 429 3846 Minut.
450 3801 479 3850 et
500 3791 590 3854 llcrv.
615 3797 715 3876 Quam
731 3803 886 3881 pemmgni
904 3803 929 3860 t.
951 3813 1008 3871 est,
1029 3813 1058 3858 et
1077 3820 1151 3858 cum.
1172 3800 1191 3855 i.
1212 3819 1241 3856 a.

284 3887 324 3969 49
344 3889 499 3956 Ernestius
513 3899 550 3964 ad
566 3903 719 3964 vitandum
742 3905 923 3966 ἀνακόλουθον
945 3904 1063 3967 delebat
1075 3927 1148 3988 qrtc,
1169 3914 1198 3964 et
1219 3903 1283 3972 ille,

1462 949 1464 1050 l
