2886 5000
323 389 394 484 214
684 405 853 456 srrsronn
878 407 956 456 xxx.
1103 402 1135 454 n.
1149 405 1184 454 x.
1202 404 1230 452 c.
1246 398 1288 465 ul
1349 459 1350 478 χ

359 511 475 575 Titinio
496 496 657 590 lrausigat,
675 511 759 592 petit.
781 509 799 570 3
821 507 963 568 Clodium
983 504 1022 566 ad
1036 505 1203 586 Tigranem
1224 507 1265 565 ire
1282 526 1309 565 se

358 617 444 680 facile
464 619 542 700 pati3
561 616 582 692 4
601 615 639 676 de
659 613 861 698 geographico
882 633 974 697 opere
994 611 1071 674 nihil
1092 615 1166 676 certi
1180 611 1308 696 polliceri

358 733 390 786 s'e
410 722 521 784 scribit.
535 721 556 784 5
568 723 616 784 De
633 743 666 784 re
685 721 770 805 publ.
784 721 858 804 quid
871 720 940 793 fiat,
959 731 994 782 ut
1006 718 1063 782 sibi
1076 721 1211 791 nuntiet,
1224 720 1307 800 petit3

357 830 380 893 6
400 832 559 894 Terenn'ae
580 830 690 892 summ
711 847 742 892 ee
767 831 951 912 perspexisse
970 837 1083 891 namet.
1097 847 1114 906 7
1130 827 1263 888 Atticum
1281 827 1311 885 in
1405 810 1407 816 ¹

355 939 555 1000 Formianum
575 947 628 1024 aut
646 936 868 1020 Pompeianum
887 937 1002 996 invitat
1023 932 1044 996 8
1064 933 1190 996 Murum
1203 931 1308 994 domus

360 1065 432 1106 suae
451 1065 483 1106 se
503 1041 699 1104 reficiendum
719 1056 840 1104 curasse
859 1039 973 1102 scribit.

531 1273 586 1327 Scr.
602 1273 630 1326 in
647 1271 793 1326 Tusculano
812 1273 843 1332 Δ,
862 1269 894 1324 V.
913 1271 944 1326 C.
961 1268 1099 1324 ncxcw.

484 1366 513 1419 (ζ
532 1365 599 1426 lullo
616 1365 737 1433 Caesare,
754 1365 791 1418 Μ.
809 1364 949 1436 Calpurnio
966 1363 1060 1418 Bibulo
1077 1362 1146 1416 Coss.

631 1563 777 1628 CICERO
801 1562 951 1627 ATTICO
976 1562 1007 1626 S.

372 1780 385 1827 1
415 1751 545 1828 Fecisti
569 1749 656 1826 mihi
681 1764 903 1852 pergratum,
928 1749 1027 1852 qnod
1051 1747 1252 1849 Serapionis
1274 1747 1315 1824 li·
1427 1819 1428 1842 r

57 1953 69 1980 ἱ,
195 1928 198 1934 ,
315 1877 444 1952 brum¹
465 1877 511 1951 ad
536 1904 592 1950 me
617 1876 757 1949 misisti:
783 1901 827 1948 ex
852 1901 922 1978 quo
940 1874 1083 1978 quidem
1108 1901 1174 1976 ego
1201 1875 1315 1980 (quod

209 2089 212 2096 ν
314 2004 407 2078 inter
430 2030 497 2077 nos
520 2003 626 2077 liceat
651 2002 765 2076 dicere
783 2012 817 2094 ²)
841 2000 1061 2075 millesimam
1094 2015 1234 2102 partem
1258 2004 1318 2077 vix

313 2129 479 2228 intelligo.
504 2131 574 2204 Pro
601 2123 644 2202 eo
671 2128 735 2201 tibi
760 2140 980 2228 praesentem
1004 2129 1192 2228 pecuniam
1209 2127 1318 2217 ,solvi
1427 2231 1428 2234 Ἴ

206 2267 211 2284 ’
313 2256 500 2355 imperavi,
524 2281 570 2327 ne
595 2269 633 2327 tu
659 2279 852 2355 expensum
876 2251 1078 2326 muneribus
1103 2253 1248 2328 ferres&

366 2407 387 2452 2
412 2382 461 2462 At
493 2382 660 2484 quoniam
692 2403 916 2453 nummorum
951 2381 1086 2458 mentio
1117 2378 1210 2452 facta
1243 2393 1318 2480 est,

314 2505 442 2582 amabo
468 2521 521 2608 te,
548 2533 630 2580 cura
643 2562 655 2606 ‚
678 2519 718 2578 ut
752 2531 832 2579 cum
857 2505 1007 2606 Titinio,
1039 2507 1317 2609 quoquomodo

313 2633 468 2735 poteris,
494 2633 675 2731 transigas.
700 2631 737 2704 Si
752 2615 792 2705 in
806 2657 868 2731 eu,
894 2629 990 2735 quod
1008 2631 1227 2734 ostenderat,
1243 2657 1319 2707 non

317 2771 388 2832 stat
394 2787 405 2859 3
431 2757 525 2840 mihi¹
542 2759 692 2864 maxime
717 2757 850 2860 placet,
875 2783 933 2858 ea,
958 2785 1047 2860 quae
1073 2757 1165 2834 male
1197 2735 1319 2859 empta

315 2875 398 2956 sunt
415 2882 442 2984 l,
465 2883 584 2984 reddi,
609 2886 638 2958 si
663 2882 848 2978 voluntate
870 2885 1089 2986 Pomponiae
1114 2887 1190 2958 fieri
1213 2901 1319 2987 pote-

109 3021 112 3029 .
209 3090 213 3103 «
312 3010 377 3109 rili
402 3010 432 3084 Si
455 3032 501 3083 ¹1⁰
525 3010 564 3082 id
593 3010 751 3113 quidem,
784 3013 919 3085 nummi
948 3012 1066 3112 potius
1097 3011 1276 3086 addantur
1291 3013 1319 3110 ⁵,
1427 3013 1428 3016 ’

316 3127 422 3235 quam
446 3135 538 3210 ullus
563 3138 620 3210 sit*
633 3136 825 3239 scrupulus.
851 3137 966 3212 Valde
990 3138 1060 3212 hoc
1085 3137 1192 3213 velim
1217 3152 1321 3237 anre,

317 3283 420 3362 quam
447 3263 668 3362 proficiscare
675 3320 686 3365 ,
712 3279 885 3364 amanter,
908 3278 950 3338 ut
974 3264 1083 3364 soles,
1112 3263 1319 3362 diligenter·

314 3411 382 3488 que
408 3388 580 3461 conficias.

364 3511 385 3584 3
412 3511 557 3586 Clodius
582 3539 681 3614 ergo,
706 3527 746 3587 ut
771 3515 839 3614 ais,
864 3513 911 3587 ad
936 3513 1316 3616 Tigranemlfixelim,

306 3629 459 3736 Syspiae
476 3637 677 3713 conditione
692 3659 723 3712 ⁷:
740 3639 803 3715 sed
819 3639 918 3714 facile
934 3641 1052 3741 patior
1064 3643 1089 3713 ⁸.
1102 3642 1315 3716 Accommo-

233 3761 236 3766 ’
313 3759 427 3836 datius
452 3765 546 3838 enim
566 3765 670 3840 nohis
687 3767 754 3841 erit
769 3765 816 3839 ad
830 3765 977 3842 liberam
993 3767 1208 3866 legationem
1224 3781 1312 3840 tem·

312 3907 379 3984 pus
399 3886 486 3966 illud
502 3908 529 3991 a,
553 3917 661 3993 quum
678 3907 714 3967 et
731 3892 883 3988 Quintus
900 3907 1021 3968 noster
1037 3894 1122 3994 iam,
1138 3908 1178 3966 ut
1195 3916 1310 3993 spera·
