2834 5012
243 451 244 456 ’
322 447 346 519 6
707 461 874 511 nrrsrom
903 463 922 505 r.
1030 519 1033 539 ι
1090 455 1283 508 necesso

323 595 410 643 unas
434 567 520 640 mihi
555 567 644 638 scito
679 563 794 638 literas
831 560 985 636 redditas
1016 583 1107 657 esse,
1139 587 1248 662 quum
1273 576 1308 634 et

323 697 388 769 otii
424 694 470 767 ad
504 690 725 766 scribendum
762 689 861 790 plus,
899 699 935 758 et
972 684 1169 758 facultatem
1201 685 1310 760 dandi

323 819 490 892 maiorem
514 815 686 888 habueris.
1182 829 1186 836 ·

374 944 397 1016 5
422 941 530 1034 Quod
554 939 690 1037 scribis,
715 939 820 1010 etiam
844 935 874 1009 si
898 935 996 1007 cuius
1017 934 1182 1010 animus⁸
1207 937 1246 1009 in
1275 951 1310 1010 te

325 1081 416 1142 esset
431 1065 610 1164 offensior,
628 1090 648 1137 a
665 1089 721 1136 me
737 1060 889 1160 recolligi
906 1072 1088 1160 oportere,
1105 1061 1208 1132 scios
1225 1061 1312 1160 quid

326 1193 439 1291 dicas3
468 1215 581 1294 neque
613 1190 651 1262 id
682 1187 839 1287 neglexi,
874 1187 937 1260 sed
965 1199 1017 1258 est
1041 1186 1130 1258 miro
1155 1187 1312 1287 quodam

326 1319 435 1392 modo
460 1316 611 1390 allectus.
636 1316 713 1412 Ego
739 1327 871 1411 autem,
889 1337 977 1413 quae
1003 1311 1149 1384 dicenda
1174 1311 1314 1386 lucrum

328 1442 372 1514 de
397 1456 447 1541 te,
470 1465 543 1513 non
559 1439 728 1539 praeterii.
747 1437 843 1530 Quid
860 1451 976 1510 autem
993 1435 1279 1510 contendendum
1291 1454 1315 1483 ¹⁰

328 1579 438 1666 esset,
474 1590 517 1636 ex
548 1578 609 1636 tua
632 1561 799 1663 putabam
826 1561 1009 1668 voluntate
1031 1575 1182 1634 statuere
1208 1587 1315 1662 opor-

328 1705 450 1764 tere¹¹:
467 1716 572 1790 quam
589 1690 619 1762 si
635 1689 681 1761 ad
700 1713 757 1760 me
781 1688 1039 1788 perscripseris,
1063 1685 1232 1786 intelliges
1258 1715 1315 1760 me
1409 1711 1410 1724 ¹

328 1842 441 1916 neque
479 1815 731 1912 diligentiorem
763 1839 836 1886 esse
868 1812 1034 1910 voluisse,
1068 1838 1173 1913 quam
1198 1826 1237 1884 tu
1263 1841 1316 1886 es·

329 1967 400 2040 ses,
425 1965 537 2040 neque
561 1938 845 2037 negligentiorem
869 1939 959 2037 lore,
983 1963 1090 2037 quam
1114 1951 1153 2009 tu
1177 1936 1278 2010 velis.

377 2065 403 2140 6
427 2067 480 2138 De
497 2065 654 2138 Tadiana
673 2090 725 2163 re,
741 2089 879 2137 mecum
895 2059 1027 2136 Tadius
1043 2062 1182 2135 locutus
1199 2077 1266 2162 est,
1286 2078 1319 2136 te

329 2192 378 2264 ita
404 2192 595 2291 scripsisse,
620 2190 707 2263 nihil
731 2216 805 2264 esse
829 2191 916 2287 iam,
937 2191 1035 2290 quod
1057 2188 1318 2290 laboraretur¹²,
1409 2251 1410 2258 t

331 2316 496 2417 quoniam
520 2315 692 2390 hereditas
723 2330 893 2416 usucapta
917 2329 1015 2388 esset.
1040 2314 1083 2388 Id
1107 2315 1319 2388 mirabamur
1409 2387 1410 2392 ,

330 2454 367 2515 te
399 2442 578 2540 ignorare,
615 2441 659 2512 de
691 2441 800 2513 tutela
827 2440 978 2538 legitima
990 2495 1001 2537 ,
1034 2441 1163 2540 inqua
1190 2439 1320 2514 dicitur
1409 2445 1410 2448 ’

287 2655 291 2666 Ι
331 2585 406 2641 esse
431 2565 563 2668 puella,
587 2565 674 2639 nihil
698 2567 843 2665 usucapi
868 2588 979 2664 posse.

382 2721 403 2794 7
429 2681 645 2792 Epiroticam
669 2693 883 2791 emptionem
908 2690 1041 2788 gaudeo
1066 2690 1130 2762 tibi
1155 2690 1304 2788 placere.
1409 2763 1410 2766 ,

381 2821 404 2892 8
421 2819 520 2908 Quae
538 2816 603 2889 tibi
619 2816 824 2915 mandavi¹³,
841 2831 876 2889 et
893 2841 980 2917 quae
998 2830 1036 2888 tu
1052 2815 1220 2913 intelliges
1241 2841 1323 2889 con-

331 2943 450 3014 venire
480 2956 601 3014 nostro
627 2939 842 3039 Tusculano,
875 2941 994 3038 velim,
1026 2955 1066 3013 ut
1092 2941 1230 3040 scribis,
1263 2969 1322 3014 cu·

331 3044 387 3138 res
394 3093 404 3165 5
428 3041 524 3167 quod
547 3066 621 3136 sine
647 3063 804 3138 molestia
827 3079 884 3137 tua
900 3080 925 3122 ¹4
942 3066 1053 3139 facere
1071 3068 1210 3164 poteris.
1230 3067 1324 3139 Nam

333 3216 398 3264 nos
430 3217 472 3264 ex
502 3189 662 3263 omnibus
695 3190 860 3264 molestiis
895 3206 929 3262 et
960 3191 1135 3266 laboribus
1161 3218 1234 3264 uno
1261 3193 1324 3265 illo

215 3379 220 3389 ,
333 3316 370 3387 in
395 3315 474 3388 loco
504 3315 787 3417 conquiescimus.

382 3467 408 3542 9
433 3445 475 3535 Q.
501 3441 641 3518 fratrem
659 3444 682 3485 '⁵
703 3443 859 3544 quotidie
885 3456 1132 3543 exspectamus.
1159 3442 1325 3542 Terentia

333 3585 476 3665 magnos
503 3568 726 3642 articulorum
751 3569 888 3644 dolores
913 3567 1035 3665 habet,
1060 3582 1095 3640 et
1128 3581 1184 3665 te,
1210 3582 1247 3640 et
1273 3594 1327 3640 so·

334 3720 448 3768 rorem
474 3669 583 3794 tuam,
608 3709 643 3767 et
667 3692 813 3768 matrem
838 3692 986 3765 maxime
1013 3691 1139 3792 diligit,
1163 3692 1328 3766 salutem·

334 3849 402 3922 que
426 3822 489 3895 tibi
514 3821 699 3923 plurimam
724 3801 906 3918 adscribit,
927 3833 963 3891 et
984 3817 1151 3917 Tulliola,
1178 3817 1325 3891 deliciae

333 3962 480 4021 nostrae.
519 3950 627 4047 Cura,
652 3961 692 4020 ut
716 3945 853 4043 valeas,
887 3958 921 4016 et
952 3970 1034 4016 nos
1051 3969 1143 4017 ames
1156 3999 1166 4040 ,
1200 3959 1235 4017 et
1261 3945 1327 4017 tibi

335 4051 557 4173 persuadeas,
583 4088 617 4146 te
644 4100 663 4147 a
688 4099 743 4148 me
768 4071 916 4145 fraterne
942 4071 1058 4142 amari.
