2932 5000
537 419 575 466 iu
600 411 792 468 amaneus
1094 393 1166 496 367

201 522 243 584 cit
260 520 322 582 hoo
335 527 392 591 est,
413 518 491 578 iuter
503 515 632 578 familias
645 517 778 601 plebeias
792 514 998 600 adoptandum
1018 517 1168 582 transfert.

202 626 287 707 Quid
299 625 358 687 hac
370 623 535 708 adoptione
548 634 698 708 spectaret
712 623 850 696 Clodius,
868 623 1048 688 videbimus.
1074 623 1168 688 idem-

201 733 342 818 quesert,
356 746 388 794 ut
402 733 549 794 universus
559 731 707 814 populans,
720 730 753 792 id
765 741 825 802 est,
837 741 872 792 ut
885 731 1027 814 explanat
1040 730 1167 804 schlin,

202 841 326 904 volebat
351 838 388 902 de
408 837 571 923 adoptione
592 838 688 901 Clodii
713 859 776 900 uon
802 840 924 900 curiatis
952 841 1095 914 comitiis,
1114 840 1167 902 sed

201 946 337 1020 tributis,
362 967 424 1030 quo
443 947 602 1008 universus
621 945 753 1028 populus
770 945 993 1021 conveniebat,
1021 945 1167 1030 suffragia

202 1051 282 1115 ferri.

164 1158 202 1221 16
222 1158 392 1242 Frigidius,
417 1159 585 1235 remissius3
607 1157 699 1220 ovid.
721 1157 812 1239 (Her.
832 1158 903 1231 XV,
928 1156 986 1242 69)
1009 1158 1166 1220 anausim

198 1276 335 1348 pectora,
355 1266 420 1348 ipse
433 1263 556 1337 Cicero,
576 1285 624 1347 ep.
637 1264 792 1337 XXXIX,
806 1284 840 1337 a,
854 1265 997 1326 neminem
1009 1262 1109 1326 adhuc
1121 1263 1166 1348 os·

190 1369 298 1454 samii,
317 1371 370 1453 qui
387 1371 460 1430 tneo
480 1383 541 1431 tam
560 1371 656 1442 lente,
676 1391 768 1455 quam
785 1381 838 1451 ego
848 1369 939 1454 fem,
948 1369 1052 1453 fimi.

164 1499 201 1560 ¹7
222 1477 273 1538 Sic
293 1475 388 1538 edidit
407 1474 519 1538 Schiltz
533 1498 550 1538 e
562 1478 735 1538 coniectura
755 1475 919 1549 Tunstalli,
932 1476 1073 1538 Ernestio
1088 1496 1164 1559 quo-

201 1604 261 1665 que
280 1581 416 1665 probata.
438 1558 473 1642 ld
494 1592 561 1644 erat
580 1584 641 1644 iem
662 1584 693 1642 in
713 1582 760 1644 ed.
782 1583 874 1644 llerv.
896 1581 1000 1664 Vulgo
1018 1580 1100 1665 quod
1111 1583 1165 1642 ta-

201 1689 251 1750 bet
269 1687 342 1750 dicis
361 1707 454 1750 eausa
470 1709 503 1770 p.
524 1686 622 1774 illud.¹
1229 1693 1231 1704 '

162 1793 201 1857 18
221 1795 304 1872 Quia
324 1793 394 1855 auli
415 1792 511 1867 filius,
530 1793 561 1856 h.
582 1815 608 1856 e
630 1793 787 1870 Afranius,
807 1793 988 1855 militaverat
1001 1792 1058 1854 sub
1071 1793 1163 1855 Pom-

198 1901 279 1984 peio.
300 1899 384 1960 ldesn
404 1899 575 1973 Manutius,
595 1901 647 1982 qui
669 1902 711 1962 sic
725 1901 827 1962 locum
841 1900 1019 1972 illustravit,
1031 1919 1095 1960 non
1107 1901 1163 1960 im-

199 2005 313 2090 probat
332 2007 537 2068 coniecturam
549 2005 695 2069 Vbaldini
708 2007 873 2069 Bandinelli
880 2051 892 2082 ,
911 2007 963 2090 qni
978 2006 1079 2068 locum
1093 2027 1163 2068 cor-

199 2110 318 2195 rigebat
335 2112 494 2197 nulliusque
506 2111 613 2194 &gaiu
625 2115 690 2197 qui,
702 2125 757 2176 eto.
781 2113 825 2174 Os
837 2112 880 2176 ad
892 2115 970 2176 nsale
981 2111 1163 2174 audiendum

196 2219 339 2304 praebat,
357 2220 420 2282 scil.
441 2241 532 2302 quem
545 2220 720 2293 Palicanus,
741 2222 819 2282 sicut
831 2221 918 2294 facit,
940 2221 1074 2303 quotidie
1087 2241 1163 2304 pro-

185 2323 263 2387 ·bris
283 2307 510 2410 maledictisque
530 2338 625 2388 vexet.
646 2327 783 2388 Similem
803 2328 986 2389 locutionem
1001 2326 1084 2410 apud
1108 2327 1162 2387 Li-

200 2432 285 2491 vium
307 2433 361 2494 lV.
382 2454 408 2497 c.
428 2431 449 2494 5
462 2443 493 2494 et
507 2434 673 2496 Terentio
687 2431 814 2516 Adelph.
836 2435 880 2507 ll,
895 2455 930 2508 2,
944 2457 977 2516 73
991 2433 1162 2496 indicarunt

134 2590 146 2599 .
200 2538 261 2597 iam
282 2537 407 2621 Malasp.
427 2549 458 2600 et
477 2538 639 2600 Manutius.

161 2664 201 2726 19
220 2642 355 2726 lntellige
374 2666 406 2706 se
425 2646 518 2708 virum
537 2646 671 2729 reipubl.
682 2643 814 2706 deditum
822 2657 992 2728 praestare,
1012 2643 1063 2724 ille
1074 2654 1161 2725 togu-

201 2747 263 2810 lam
281 2751 392 2833 pictam
412 2751 531 2814 silentio
552 2764 650 2814 tuetur
667 2773 767 2830 suum3
787 2749 819 2814 h.
839 2773 865 2814 e.
884 2751 962 2825 silet,
981 2749 1068 2812 nihil·
1082 2750 1161 2810 facit.

158 2875 200 2917 20
220 2856 335 2918 Contra
355 2861 502 2941 gratiosos
523 2858 660 2922 homiues
676 2841 761 2922 dicit.
792 2857 910 2922 Ceteros
933 2861 994 2920 iam
1020 2859 1097 2920 nosti
1114 2859 1160 2918 vi-

199 2960 289 3023 detur
309 2963 348 3024 ad
368 2965 531 3028 Lucullum
551 2976 583 3028 et
608 2967 804 3028 Hortensium
831 2966 1004 3048 pertinere,
1029 2982 1161 3046 quorum

200 3068 334 3132 famosae
353 3083 439 3133 erant
458 3074 589 3156 piscinae
608 3094 806 3136 murenarum
832 3084 864 3135 et
889 3071 1076 3160 mullorum3
1100 3069 1160 3130 vid.

200 3194 250 3258 ep.
271 3177 394 3253 XXVI,
412 3177 442 3240 6.

156 3301 194 3342 21
219 3283 300 3365 Lege
320 3284 451 3347 Gabinia
470 3296 608 3349 sanctum
627 3286 703 3360 fuit,
722 3297 758 3348 ut
776 3307 811 3348 ex
832 3285 903 3348 Kal.
931 3284 1006 3347 Feb.
1030 3284 1070 3347 ad
1090 3281 1181 3348 Kal..

199 3387 291 3450 Mart
304 3389 410 3473 legatis
431 3403 603 3455 exterarum
622 3396 759 3476 gentium
780 3404 899 3456 senatus
920 3390 1054 3476 quotidie
1073 3389 1160 3450 dare-

199 3504 272 3572 tur3
293 3517 340 3580 ep.
360 3497 456 3562 XCV.

154 3620 198 3662 η
218 3599 311 3664 Recte
332 3603 501 3688 Hei-vegius
522 3617 553 3668 et
571 3605 645 3668 Em.
666 3606 745 3669 hane
764 3607 924 3670 lectionem
946 3624 981 3667 ex
1002 3602 1048 3666 ed.
1068 3600 1158 3662 Rom.

197 3720 397 3784 revocarunt,
416 3731 544 3794 eamque
565 3711 676 3784 Schiitz
703 3718 824 3798 recepit
849 3713 933 3774 Olim
954 3731 996 3774 en
1015 3710 1065 3781 iis,
1083 3725 1159 3790 quae

197 3815 366 3897 scnpsunus
379 3828 462 3880 tanta
479 3821 581 3893 stiam,
600 3819 648 3882 vel
662 3833 759 3882 minen
772 3821 873 3893 etium,
887 3830 943 3881 etc.
962 3816 1057 3877 Nimis
1069 3812 1159 3894 longe

197 3941 218 3980 a
237 3941 307 3984 mss.
328 3923 435 3985 Lamb.
447 3943 489 3988 ex
502 3927 549 4000 iis,
568 3946 645 4010 quae
657 3927 836 4011 scripsimus,
858 3927 947 3989 tacita
961 3922 1082 3986 emma
1099 3940 1159 3992 me,

197 4039 228 4088 et
247 4048 306 4092 non
325 4031 443 4115 scripta.
