2932 5000
551 379 587 424 tn
614 374 801 448 rarsroms
1102 357 1172 458 387

213 483 283 556 gata
304 474 502 536 confirmatur
520 479 692 538 narratione
714 475 864 536 Ciceronis
889 475 926 536 de
952 475 1048 538 Sestio
1069 478 1173 542 Verris

140 639 151 661 .
217 583 338 654 lictore,
359 591 435 642 orat.
458 583 489 642 in
510 581 597 643 Verr.
618 583 661 655 V,
682 581 730 659 45.
751 583 868 643 Schiita.

176 691 214 750 32
239 690 343 750 Civem
363 687 552 760 Romanum,
580 687 751 771 negotiandi
774 709 868 766 ,causo
889 691 919 748 in
940 689 1096 770 provincia
1122 691 1175 754 de-

213 805 350 878 gentem3
376 793 507 856 Facelol.
528 795 620 873 Quod
634 816 727 876 genus
741 794 899 856 hominurn
911 795 1104 877 provinciales
1117 808 1175 858 stu·

132 981 134 994 .
214 903 269 961 tim
289 901 370 962 infra
390 900 591 984 appellantur.
764 983 766 988 Ι
900 885 903 892 ’

171 1008 210 1068 33
231 1006 359 1089 Aliquot
379 1007 454 1068 libri
466 1021 563 1089 potest
581 1008 720 1089 repetire,
740 1006 790 1067 alii
801 1019 898 1090 potest
909 1010 1037 1090 reperii.
1058 1009 1175 1092 Vulga-

207 1123 274 1173 tum
295 1115 413 1174 rectius.
438 1113 499 1195 Qui
515 1114 660 1195 pecuariae
680 1112 839 1195 cupiditate
859 1113 970 1194 pendet
989 1135 1010 1174 a
1030 1116 1175 1196 reperire,

210 1228 246 1278 ut
265 1219 384 1279 monuit
404 1202 579 1294 Ernestins3
600 1221 657 1279 nisi
677 1217 746 1278 libri
767 1218 882 1300 aliquot
896 1221 1101 1302 reperiantur,
1121 1223 1173 1302 qui

209 1345 267 1406 pro
288 1325 438 1386 Matinum
448 1368 459 1397 ,
479 1325 582 1406 legant
601 1327 745 1386 tornines:
767 1325 930 1404 Quomodo
951 1328 1065 1408 poteris
1088 1346 1156 1407 repe

215 1433 272 1492 rire
291 1449 333 1492 cx
352 1451 387 1492 eo
411 1451 515 1512 genere
542 1432 670 1492 homines
680 1477 691 1506 ,
709 1434 767 1514 qui.
796 1433 883 1510 Quae
910 1452 979 1491 mox
1006 1443 1174 1513 sequuntur

215 1538 257 1596 sic
278 1537 469 1598 concinnavit
494 1537 620 1600 Schiitz:
641 1539 694 1622 qui
715 1560 806 1622 quum
827 1539 970 1620 pecuariae
992 1581 1058 1598 ....
1074 1551 1100 1597 te
1127 1551 1172 1598 ta-

214 1663 295 1718 mon3
316 1645 401 1704 cuius
422 1643 562 1705 sedulitas
583 1647 614 1704 in
634 1644 813 1726 corrigendo
842 1645 987 1705 Cicerone
1009 1663 1115 1705 vereor
1135 1639 1173 1704 nc

211 1751 302 1809 nimis
324 1759 431 1830 arguta
448 1748 599 1832 aliquibus
615 1749 759 1812 videatur.
784 1749 925 1826 Coronat,
939 1752 1083 1810 nimirum
1097 1747 1173 1810 urbe

212 1855 324 1928 Roma,
345 1854 534 1937 parentibus,
554 1855 675 1928 liberis,
695 1865 749 1916 etc.

137 1951 140 1958 ’
173 1961 213 2038 34
232 1960 306 2020 Em.
333 1963 461 2022 coniecit
485 1974 591 2022 annot.
624 1953 695 2022 Mox
722 1982 779 2044 pro
805 1964 948 2042 cognosti,
974 1960 1036 2021 duo
1063 1956 1173 2020 Ambb.

212 2067 368 2146 cognoscis.
395 2065 453 2128 Tui
470 2069 674 2139 nocentiorem,
693 2087 783 2152 quam
805 2069 953 2148 temporis,
979 2069 1030 2147 qui
1056 2066 1117 2127 scil.
1134 2077 1174 2130 te

211 2171 279 2254 plus
305 2183 386 2232 amet
412 2183 558 2254 quatenus
580 2174 774 2246 Ciceronem,
800 2195 892 2254 quam
915 2183 1062 2254 quatenns
1083 2159 1183 2254 prae-x

195 2288 317 2340 ·torcm.
843 2313 846 2318 ·

170 2384 211 2446 35
230 2384 375 2446 Libenter
395 2407 464 2446 cum
486 2385 628 2446 Schiitzio
649 2351 931 2448 lectionemd⁷iuini
944 2405 979 2445 ex
995 2383 1074 2445 libro
1088 2385 1172 2444 Lon-

211 2490 284 2572 golii
305 2493 481 2574 recepimus.
503 2491 594 2573 Vulg.
615 2491 658 2552 ad
679 2503 760 2552 tuum
780 2501 942 2550 rrunwrum'.

171 2595 213 2657 36
233 2594 353 2657 Schiitn
374 2595 484 2658 abiecit
503 2586 666 2680 quaedum,
688 2617 765 2678 quae
779 2615 837 2656 vox
857 2593 907 2654 hic
928 2593 1007 2653 idem
1022 2601 1126 2674 sonat,
1138 2612 1174 2652 ac

210 2701 396 2785 quorundum
411 2704 565 2766 hominum.
589 2704 659 2764 Mox
674 2703 753 2795 idem
768 2700 838 2762 Sch.
852 2689 941 2770 Nune
954 2719 1021 2759 vero
1027 2696 1173 2780 fallaces,
1255 2711 1257 2715 ’
1343 2666 1346 2675 .

210 2829 246 2869 ex
269 2811 440 2871 coniectura
462 2810 609 2884 Ernestii,
628 2829 686 2892 pro
707 2809 787 2890 vulg.
808 2808 859 2868 Sic
879 2828 945 2867 vero
956 2804 987 2888 s
1008 2804 1071 2866 Cio.
1090 2803 1174 2886 apud

211 2915 290 2976 Rob.
312 2915 494 2999 sthephani,
515 2916 662 2978 Thesaur.
683 2918 769 2998 Ling.
791 2916 840 2976 lat.
856 2914 906 2974 Sic
927 2925 969 2974 tot
985 2911 1074 2972 simul
1085 2911 1173 2970 virtu-

212 3035 253 3082 tes
269 3023 479 3097 continentiae,
495 3024 661 3104 gravitatis,
681 3023 820 3094 iustitiae,
834 3019 911 3103 fidei
928 3018 1105 3100 defecerunt.
1128 3014 1173 3076 cf.

211 3129 302 3190 ctiam
323 3149 370 3212 ep.
390 3130 475 3190 DXl.

170 3235 210 3315 37
232 3234 320 3294 amb.
341 3233 376 3296 16
394 3246 426 3296 et
446 3235 491 3297 ed.
511 3236 602 3298 Rom.
614 3248 643 3297 ct
655 3234 788 3298 invident.
810 3236 885 3295 Tres
899 3231 950 3293 alii
972 3229 1081 3292 Ambb.
1104 3249 1174 3290 cum

186 3325 258 3400 '‘ed.
280 3340 354 3400 iens.
376 3353 405 3400 et
424 3363 483 3403 non
503 3341 629 3404 irrutilant
656 3344 768 3404 nostn's.
793 3336 872 3402 Vero
899 3337 1061 3422 respondet
1087 3355 1174 3416 supe-

214 3447 288 3506 riori
308 3468 421 3529 neque,
440 3460 476 3509 ut
496 3450 570 3511 vidit
590 3452 678 3512 Face.

171 3549 214 3612 3'8
234 3551 273 3610 H.
294 3575 318 3613 e.
340 3556 372 3646 in
392 3557 522 3616 maxima
541 3556 701 3618 hominum
721 3559 898 3639 frequentia.
920 3553 1076 3614 Ernestius
1105 3568 1174 3607 cor-

212 3660 287 3718 rexit
307 3661 515 3744 iter-sacta
541 3663 581 3744 ob
603 3664 778 3726 antecedens
796 3674 914 3744 geram
934 3659 1092 3740 vulgatum
1111 3674 1174 3713 non

213 3763 354 3842 offendit3
374 3787 476 3829 sensus
497 3781 555 3844 cst,
582 3793 617 3832 eo
639 3771 731 3832 modo
752 3793 783 3833 se
804 3780 925 3852 gerant,
946 3785 1007 3846 quo
1036 3785 1065 3824 se
1087 3781 1173 3842 gere·
1308 3823 1309 3826 ,

213 3882 294 3945 rent,
314 3875 339 3932 si
359 3875 416 3934 iter
429 3909 469 3922 -
480 3875 599 3938 laceres.
