2882 5002
324 411 374 512 96
686 427 856 479 sersaoni
880 429 951 478 xxr.
1098 426 1131 478 Δ.
1147 429 1182 480 v.
1199 430 1227 476 c.
1244 429 1297 481 ss:

324 665 384 737 Bis
418 661 616 737 absolutum
653 685 727 733 esse
763 656 978 757 Lentulum,
1014 655 1068 731 bis
1105 659 1320 732 Catilinam:

323 788 419 862 hunc
443 787 678 862 tertium-iam
703 801 777 858 esse
802 811 822 858 a
846 782 1018 857 iudicibus
1044 787 1091 857 in·
1105 811 1181 858 rem
1206 783 1323 885 publi-

233 963 235 970 ·
325 941 402 989 cam
427 913 620 988 immissum
637 929 678 984 ²9.
703 946 720 978 u
737 912 859 1009 Erras,
875 886 1004 1008 Clodi,
1028 935 1102 983 non
1126 924 1161 983 te
1186 910 1323 984 iudices

302 1075 350 1108 -u
374 1023 474 1140 urbi,
503 1037 570 1112 sed*
592 1037 723 1112 carceri
745 1050 988 1136 reservarunt,
1021 1061 1135 1137 neque
1169 1049 1204 1108 te
1237 1037 1323 1110 reti-

332 1201 350 1234 «
374 1192 457 1240 nere
473 1165 511 1239 in
528 1164 681 1261 civitate,
697 1162 761 1237 sed
777 1162 898 1240 exsilio
922 1162 1060 1262 privare
1072 1162 1104 1214 ³⁰
1124 1161 1323 1246 voluerunt.

333 1323 351 1358 a
375 1290 632 1389 Quamobrem,
656 1293 778 1363 Patres
803 1287 1011 1390 conscripti,
1027 1288 1147 1387 erigite
1168 1288 1326 1387 animoa,

335 1417 523 1489 «retinete
550 1429 702 1490 vestram
726 1414 939 1513 dignitatem.
975 1415 1095 1487 Manet
1125 1411 1184 1485 illa
1218 1413 1257 1486 in
1286 1439 1325 1485 re

298 1527 300 1534 ⁵
335 1577 353 1608 u
377 1539 517 1642 publica
541 1539 716 1614 bonorum
741 1540 943 1639 consensio,
961 1538 1062 1613 dolor
1087 1539 1233 1612 accessit
1256 1537 1326 1612 bo·

336 1703 353 1735 a
378 1668 432 1740 nis
458 1667 563 1766 viris,
595 1667 706 1742 virtus
742 1691 816 1740 non
848 1679 902 1740 est
925 1665 1131 1768 imminuta,
1157 1663 1246 1764 nilril
1273 1677 1327 1736 est

335 1827 353 1861 a
378 1793 497 1866 damni
520 1793 652 1865 factum
675 1794 779 1892 novi,
802 1791 881 1892 sed,
906 1783 1004 1900 quod
1027 1805 1116 1891 erat,
1139 1791 1327 1864 inventum

335 1953 353 1986 a
377 1931 447 2018 ost,
472 1919 510 1992 in
533 1918 636 1991 unius
660 1917 814 1992 hominis
838 1901 968 2018 perditi
991 1915 1121 1990 iudicio
1147 1912 1266 2016 plures
1284 1914 1328 1988 si-

335 2078 353 2111 u
376 2042 475 2116 miles
500 2044 630 2144 reperti
655 2053 746 2120 sunt.
764 2075 782 2110 η
805 2042 877 2118 Sed
901 2042 988 2145 quid
1013 2041 1098 2142 agol
1114 2043 1233 2120 Paene
1251 2066 1330 2115 ora·

327 2170 460 2242 tionem
484 2170 523 2242 in
547 2167 732 2268 epistolam
753 2166 890 2242 inclusi.
915 2167 1034 2243 Redeo
1059 2167 1105 2240 ad
1130 2166 1330 2240 altercatio·
1358 2254 1363 2260 ι

326 2319 417 2367 nem.
443 2294 559 2393 Surgit
582 2292 777 2395 pulchellus
802 2318 891 2395 puer
906 2295 956 2394 ³⁸3
981 2291 1103 2368 obiicit
1126 2291 1214 2365 mihi
1225 2347 1237 2392 ,
1269 2318 1330 2365 mo

328 2419 376 2494 ad
400 2419 500 2494 Baias
526 2420 639 2493 fuisse.
662 2407 717 2478 'a
739 2453 760 2487 o
782 2419 919 2492 Salsum
936 2419 983 2490 ³²:
1008 2418 1072 2492 sed
1095 2431 1214 2490 tamen
1240 2417 1330 2520 quid

334 2579 352 2652 re
377 2545 466 2622 hoel
483 2546 601 2621 Simile
619 2561 689 2646 est,
713 2547 876 2648 inquam,
892 2547 990 2647 quasi
1015 2544 1113 2618 dicas
1135 2545 1173 2616 in
1198 2557 1329 2644 operto

334 2706 352 2738 α
376 2671 528 2746 fuisset»
547 2672 721 2774 -Quid,
745 2673 872 2774 inquit,
897 2671 1032 2744 homiui
1056 2670 1218 2770 Arpinati
1243 2696 1329 2745 cum

327 2798 425 2898 aquis
443 2796 572 2872 caldis?
584 2799 616 2850 ³³
626 2829 706 2866 -u
722 2797 834 2872 Narra
841 2794 886 2896 ³4,
899 2798 1043 2898 inquam
1049 2847 1060 2896 ,
1076 2808 1228 2895 patrono
1246 2777 1329 2896 tuo,

334 2955 352 2988 a
376 2923 436 3022 qui
459 2923 647 3022 Arpinates
672 2950 779 3025 aquas
790 2925 824 2975 ³⁵
842 2923 1059 3023 concupivit,
1074 2921 1170 2995 nosti
1179 2923 1212 2972 ³⁶
1229 2923 1330 2994 enim

334 3078 352 3112 a
375 3047 536 3120 marinas.
549 3081 566 3112 n
585 3091 636 3106 -
652 3051 860 3151 Quousque,
876 3049 1005 3150 inquit,
1020 3045 1116 3120 hunc
1132 3073 1251 3145 regem
1277 3047 1330 3120 se·

326 3170 462 3247 remusl
478 3214 528 3229 ·--
547 3206 564 3240 ιι
580 3175 709 3272 Regem
735 3174 909 3275 appellas,
932 3175 1092 3274 inquam,
1117 3198 1226 3274 quum
1251 3173 1331 3246 Rex

334 3329 351 3362 a
376 3297 429 3368 tui
464 3299 680 3372 mentionem
715 3299 848 3374 nullam
874 3299 1013 3372 feceritl
1030 3301 1061 3366 ³7
1089 3297 1173 3388 (ille
1206 3313 1330 3373 autem

277 3431 281 3440 ’
334 3454 352 3486 u
375 3421 477 3520 Regis
501 3423 814 3528 hereditatemspe
832 3423 1046 3515 devorarat).
1060 3451 1077 3489 a
1091 3419 1331 3521 ⁴·--Domum,

325 3546 456 3646 inquit,
480 3552 602 3624 emisti.
618 3591 668 3610 ι·-
692 3586 710 3618 a
725 3553 833 3642 Putas
851 3551 892 3650 ³³,
917 3551 1081 3651 iuquam,
1111 3549 1245 3647 dicere,
1269 3550 1330 3622 iu-

333 3704 352 3738 «
377 3670 472 3746 dices
488 3675 660 3750 emistil³a
671 3709 688 3742 n
701 3719 751 3734 -
761 3677 912 3775 Iuranti,
927 3675 1058 3776 inquit,
1074 3675 1139 3748 tibi
1155 3652 1230 3748 non
1253 3701 1331 3750 ore-

327 3795 499 3871 didemnt.
517 3844 567 3858 -
591 3835 608 3868 α
631 3801 718 3875 Mihi
742 3827 826 3877 vero
842 3800 887 3899 4⁰,
909 3801 1070 3906 inquam,
1094 3827 1166 3874 xxv
1190 3800 1332 3872 iudices

333 3955 351 3990 a
375 3924 615 4002 crediderunt:
649 3954 757 4029 xxxi,
782 3927 948 4031 quoniam
972 3951 1135 4002 nummos
1160 3939 1242 4002 ante
1267 3951 1331 3998 ac-
