3002 5004
343 371 414 446 330
592 364 599 377 ’
704 387 977 440 suuorsriouas

380 496 510 556 ctionem
530 493 734 564 conservavit,
755 505 783 552 te
804 491 914 573 (aliqui
940 492 1031 552 etiam
1051 503 1080 552 et
1100 461 1146 572 te.)
1167 512 1226 554 non
1251 514 1287 554 m.
1311 516 1345 554 n.

379 621 539 673 emessam,
551 597 605 661 sed
613 599 781 681 prohibebo.
794 597 876 660 Bosii
889 597 1048 660 lectionem
1062 609 1214 660 structura
1228 603 1344 662 oratio-

378 711 425 770 nis
438 708 588 791 postulat,
599 717 636 767 ut
648 717 729 768 recte
743 705 834 766 sensit
846 705 1019 780 Emestius,
1036 708 1066 765 in
1086 707 1192 788 primis
1211 706 1341 770 verbum

377 817 550 895 intelligam,
569 834 626 896 pro
648 833 709 896 quo
730 815 761 874 in
781 811 840 872 bae
860 811 985 874 deberet
1005 833 1068 874 esse
1081 813 1217 893 intelligo.
1279 850 1284 862 ι

342 942 377 984 to
395 922 474 983 Edu
495 931 565 983 vett.
592 932 622 982 et
645 922 740 980 nostri
766 918 837 980 libri
865 941 922 980 sor.
946 940 1116 1004 sporuorem
1142 939 1200 981 non
1231 923 1339 1005 appel-

378 1029 435 1101 lat,
455 1028 539 1110 quod
552 1029 706 1089 Victorius
726 1028 880 1088 revocavit
899 1029 932 1087 in
951 1026 998 1087 ed.
1018 1027 1163 1100 secunda,
1184 1039 1215 1090 et
1234 1027 1338 1090 defeu-

375 1136 453 1196 dunt
472 1136 568 1207 Mam,
582 1133 716 1216 Popma‚
736 1133 767 1194 S.
787 1133 863 1195 Real
883 1143 913 1194 et
933 1133 1134 1216 Mongaltius,
1154 1122 1214 1196 hoc
1234 1157 1335 1196 sensu:

375 1241 510 1304 Tulliola
536 1263 597 1302 non
627 1239 758 1322 amplius
789 1260 838 1302 me
866 1259 1043 1324 sponsorem
1070 1251 1157 1302 tuum
1183 1242 1336 1324 appellat,

375 1348 428 1409 sed
447 1359 477 1410 te
497 1351 597 1430 ipsum
617 1349 648 1407 in
662 1347 809 1408 iudicium
821 1358 918 1408 vocat.
939 1350 978 1410 At
991 1350 1021 1407 in
1036 1369 1083 1431 ep.
1097 1349 1142 1410 IV
1155 1359 1228 1409 extr.
1242 1351 1334 1409 omit-

365 1458 449 1542 titur
469 1475 544 1528 uon,
563 1457 595 1516 in
614 1453 673 1514 bac
692 1465 795 1516 autem
816 1454 950 1516 Tulliola
968 1457 1146 1537 petitionem
1173 1476 1258 1516 suam
1277 1455 1335 1516 du-

312 1565 347 1626 .'
374 1562 482 1645 plicat,
502 1573 533 1622 et
552 1581 614 1621 non
634 1562 733 1622 solum
754 1561 946 1634 Ciceronem,
965 1572 1001 1622 ut
1020 1581 1210 1645 sponsorem,
1229 1561 1333 1644 appel-

375 1669 432 1742 lat,
460 1668 512 1729 sed
532 1669 632 1729 Attico
658 1668 739 1730 diem
759 1668 819 1730 dat.
848 1667 949 1730 Seeuti
976 1679 1077 1730 autem
1098 1687 1202 1730 sumus
1222 1668 1334 1740 Horu,

375 1776 556 1847 Gruteuuu,
575 1775 751 1837 Ernestium
771 1786 802 1836 et
822 1773 892 1836 Sch.

800 2014 869 2076 vlt.

337 2200 423 2262 tsic
457 2201 646 2283 Hervagins,
678 2203 848 2275 Graevius,
878 2202 1055 2274 Ernestius‚
1082 2213 1113 2262 et
1145 2203 1331 2276 recentiores.

371 2309 485 2390 Nempe
511 2307 624 2370 arbiter
651 2309 750 2371 iuerat
770 2312 886 2372 Atticus
905 2312 938 2371 iu
963 2329 1053 2370 eausa
1073 2309 1176 2390 aliqua
1195 2311 1331 2380 Lucceii‚

354 2421 402 2475 'et
428 2427 533 2476 contra
562 2437 632 2478 eum
660 2419 918 2500 pronuntiaverat.
949 2417 1016 2476 Non
1044 2418 1086 2476 ita
1116 2415 1193 2476 bene
1222 2413 1328 2476 Lamb.

256 2513 258 2526 '
371 2522 459 2582 Grut.
480 2520 668 2606 Verburgius
690 2543 760 2584 oum
780 2503 851 2584 vett.
872 2521 940 2584 edd.
968 2519 1043 2582 illud
1061 2543 1146 2582 saum
1170 2521 1328 2582 arbitratur.

332 2648 349 2686 2
371 2627 421 2688 Sic
433 2629 539 2690 Bosius
552 2641 584 2691 et
596 2631 744 2692 Graevius
759 2633 885 2704 emstis,
900 2629 1102 2714 probantibus
1122 2628 1214 2690 Mieh.
1234 2629 1328 2689 Bruto

353 2745 402 2795 »et
424 2735 554 2798 Murato.
575 2737 740 2820 Allegatio‚
760 2740 860 2810 aiunt,
880 2749 925 2800 est
951 2737 1127 2809 submissio,
1151 2748 1204 2796 aut
1223 2733 1329 2795 subor-

368 2844 460 2902 natio.
481 2843 556 2903 Sum
577 2846 695 2905 anima
720 2857 750 2905 te
771 2843 950 2917 submissus,
972 2856 1005 2904 ut
1024 2855 1054 2904 te
1074 2841 1155 2926 apud
1176 2846 1275 2926 ipsum
1295 2843 1329 2900 in

369 2951 499 3029 gratiam
524 2972 678 3033 ponerem.
705 2953 844 3032 Allegum
877 2951 987 3012 dicitur
1016 2950 1067 3012 ille
1100 2953 1152 3032 qui
1180 2947 1328 3024 submittit

369 3053 502 3136 aliquem
516 3057 554 3116 ad
568 3057 683 3140 aliquid
696 3058 866 3120 clanculum
886 3056 1113 3141 perficiendum.
1135 3056 1185 3116 Sic
1200 3057 1328 3136 allegare

370 3173 469 3221 testem
489 3164 559 3224 Ter.
580 3165 656 3225 And.
677 3166 716 3238 V,
738 3167 771 3237 3,
792 3165 845 3228 28:
865 3164 913 3224 Ne
932 3163 1037 3224 eredas
1060 3183 1081 3224 a
1100 3185 1146 3224 me
1169 3163 1327 3242 allegatam

369 3265 445 3326 hunc
465 3288 570 3328 senem.
591 3271 671 3331 Vett.
692 3271 759 3331 edd.
780 3273 893 3352 legatio.

328 3372 346 3431 3
367 3373 418 3432 Tu
436 3371 552 3436 Romae
571 3377 667 3438 tolles.

325 3479 453 3554 4Amb.
479 3503 489 3541 1
514 3493 544 3542 et
564 3493 635 3545 vett.
657 3484 724 3545 edd.
746 3506 816 3545 oum
836 3485 944 3546 Lamb.
965 3485 1056 3547 Sim.
1078 3495 1097 3544 t.
1119 3484 1242 3566 putan’s.

325 3583 346 3643 5
365 3585 557 3665 Praetorem3
578 3611 625 3673 ep.
647 3611 712 3674 sup.
734 3597 749 3666 5
771 3591 798 3652 5.
820 3592 878 3652 Hie
898 3592 1007 3675 procul
1030 3590 1125 3652 dubio
1152 3589 1262 3650 excidit
1281 3601 1323 3658 te,

365 3693 449 3774 quod
464 3696 630 3757 Lambinus
644 3699 735 3758 tacite
749 3698 915 3781 supplevit:
938 3710 965 3758 te
978 3699 1037 3760 iam
1049 3719 1096 3759 me
1108 3699 1245 3758 arbitrari
1254 3695 1284 3756 d.
1298 3715 1322 3753 e.

365 3800 447 3860 Tum
468 3805 499 3862 in
513 3809 528 3878 5
544 3805 562 3864 3
577 3803 654 3864 Mire
668 3826 776 3888 quam.
791 3851 813 3866 ..
827 3805 966 3880 detrun
988 3805 1199 3888 corrigendum
1213 3814 1258 3864 est
1271 3804 1323 3862 mi·

364 3928 445 3981 nem,
466 3922 500 3971 nt
520 3909 634 3973 habent
654 3913 721 3974 edd.
743 3915 818 3974 lens.
839 3915 946 3975 Minut.
968 3925 999 3974 et
1019 3914 1110 3977 Herv.
