2834 5012
354 407 400 478 32
729 423 900 473 zrrsrotn
926 429 956 474 x.
1124 431 1154 480 Α.
1173 433 1309 486 uncas

351 553 441 632 quae
465 542 541 601 turn
574 527 639 600 erit
673 525 832 600 absoluta
865 553 948 600 sane
983 529 1091 604 facile.
1116 533 1208 609 Eum
1232 536 1330 610 lihen-
1399 563 1400 582 ³

349 669 405 729 ter
420 679 514 728 nunc
531 652 671 726 Caesari
688 651 866 726 consulem
884 653 1078 730 addiderim
1088 655 1132 732 Ἡ.
1149 663 1330 736 Petitonrm

349 781 435 855 haec
452 794 506 853 est
522 778 637 852 adhuc
655 777 839 854 informata
857 781 1022 879 cogitatio
1038 783 1077 856 ¹l.
1103 785 1177 861 Nos
1193 788 1229 860 in
1246 791 1330 861 omni
1399 767 1400 780 ἵ

346 932 491 980 munere
516 903 759 979 candidatorio
784 904 961 1004 fungendo
994 935 1166 984 summam
1198 912 1329 986 adhibe·
1399 979 1400 986 ,

345 1030 460 1104 bimus
486 1005 718 1128 diligentiam:
752 1043 788 1102 et
819 1030 985 1132 fortasse,
1014 1038 1179 1137 quoniam
1204 1039 1331 1112 videtur

344 1157 382 1230 in
406 1157 576 1256 suffragiis
609 1155 758 1228 multum
791 1181 895 1256 posse
930 1158 1041 1232 Gallia
1063 1163 1106 1260 ¹⁵,
1140 1149 1247 1264 quum
1270 1167 1330 1238 Ro·

343 1308 422 1354 mae
448 1307 468 1354 a
493 1280 629 1353 iudiciis
653 1281 767 1354 sorum
783 1281 969 1381 refrixerit,
985 1309 1206 1362 excurremus
1222 1316 1330 1363 mense
1399 1395 1400 1400 ἵ

344 1406 541 1506 Septembri
565 1406 669 1504 legati
689 1411 720 1458 ¹⁶
745 1407 790 1479 ad
815 1409 999 1510 Pisonem,
1031 1426 1071 1484 ut
1098 1415 1260 1489 Ianuario
1283 1441 1330 1488 re·
1399 1507 1400 1514 ἵ

343 1515 526 1597 vertamur.
552 1525 674 1616 Quum
700 1551 909 1626 perspexero
929 1527 1126 1604 voluntates
1150 1534 1329 1630 nobilium,
1399 1617 1400 1620 Ἴ

342 1649 493 1726 scribam
520 1649 574 1726 ,ad
611 1663 654 1722 te.
693 1651 816 1723 Cetera
850 1679 954 1752 spero
986 1655 1122 1755 prolixa
1156 1684 1252 1758 esse,
1282 1659 1329 1731 bis

342 1773 523 1848 dumtaxat
543 1774 684 1849 urbanis
703 1779 1000 1877 competitoribus.
1025 1781 1125 1856 Illam
1147 1811 1288 1860 manum
1303 1803 1327 1851 ¹⁷
1363 1851 1364 1854 ,

339 1915 379 1972 tu
403 1900 487 1972 mihi
513 1927 595 1972 cura
619 1915 660 1974 ut
683 1917 855 2005 praestes,
873 1908 1037 2008 quoniam
1064 1913 1212 2012 propius
1237 1913 1347 2009 abes,
1399 1941 1400 1968 ³

338 2025 500 2125 Pompeii
524 2027 634 2100 nostri
660 2028 769 2100 amici.
807 2029 903 2129 Nega
935 2057 992 2106 me
1024 2033 1057 2106 ei
1086 2035 1214 2110 iratum
1239 2039 1327 2134 fore,

337 2152 368 2224 si
394 2151 440 2224 ad
464 2176 542 2223 mea
568 2153 708 2226 comitia
741 2179 815 2228 non
847 2160 989 2232 venerit.
1014 2161 1131 2262 Atque
1155 2162 1245 2238 haec
1268 2164 1328 2236 hu·
1399 2187 1400 2224 1

336 2275 488 2349 iusmodi
513 2291 602 2349 sunt.
1399 2367 1400 2370 Ἴ

308 2469 309 2473 ,
386 2403 408 2473 3
435 2401 504 2474 Sed
530 2414 596 2502 est,
615 2403 711 2504 quod
736 2403 797 2477 abs
823 2420 858 2478 te
883 2407 968 2480 mibi
994 2411 1127 2507 ignosci
1152 2415 1326 2513 pervelim.
1399 2425 1400 2430 ’

335 2525 520 2626 Caecilius,
538 2528 729 2602 avunculus
746 2543 840 2629 tuus,
858 2557 878 2604 a
894 2533 932 2605 Ρ.
951 2534 1060 2608 Vario
1077 2565 1186 2637 quum
1204 2567 1326 2639 magna

223 2679 226 2692 ·
332 2653 481 2749 pecunia
506 2653 743 2753 fraudaretur,
775 2681 875 2754 agere
912 2661 1028 2759 coepit
1056 2687 1136 2735 cum
1162 2665 1238 2738 eius
1263 2667 1326 2739 fra·

332 2789 385 2848 tre
411 2778 559 2851 Caninio
586 2780 699 2852 Satrio
716 2781 745 2831 ¹⁸
763 2780 806 2852 de
823 2783 864 2854 iis
882 2782 1002 2883 rebus,
1027 2811 1112 2887 quas
1138 2815 1221 2864 eum
1247 2791 1325 2866 dolo
1399 2809 1400 2812 ’

330 2901 423 2972 malo
448 2904 625 3002 mancipio
650 2907 824 3004 accepisse
840 2925 870 2974 ¹9
891 2909 935 2981 de
953 2911 1061 2985 Vario
1087 2914 1229 2990 diceret.
1250 2918 1324 2990 Vna

330 3024 479 3120 agebant
504 3030 611 3100 ceteri
636 3029 846 3132 creditores,
879 3036 917 3108 in
949 3037 1073 3139 quibus
1099 3056 1174 3113 erat
1198 3045 1326 3122 Lucul-

327 3146 399 3247 lus,
425 3165 460 3223 et
483 3153 521 3224 P.
542 3154 675 3254 Scipio,
694 3171 729 3228 et
745 3145 792 3257 is‘,
809 3187 913 3262 quern
929 3164 1103 3263 putabant
1120 3173 1323 3266 magistrum

327 3271 454 3373 fore20,
479 3277 509 3350 si
533 3277 628 3352 bona
653 3283 828 3382 venirent,
844 3265 1056 3362 Ljponrius.
1074 3293 1229 3377 [Verum
1256 3297 1324 3372 boc
1399 3375 1400 3382 ,

325 3396 512 3474 ridiculum
536 3417 610 3502 est,
644 3407 687 3478 de
715 3412 883 3509 magistro
908 3438 1002 3489 nunc
1028 3437 1266 3516 cognoscere]
1284 3440 1322 3494 ²¹.
1399 3503 1400 3518 ,

325 3522 475 3620 Rogavit
498 3552 555 3600 me
585 3532 776 3634 Caecilius,
808 3551 848 3609 ut
880 3539 1037 3616 edessem
1053 3559 1085 3592 ²²
1111 3561 1236 3621 contra
1263 3549 1324 3622 Sa-

324 3648 437 3722 trium.
464 3654 546 3726 Dies
572 3656 641 3729 fere
666 3659 782 3733 nullus
808 3677 877 3762 est,
905 3667 988 3768 quin
1013 3668 1071 3742 hic
1096 3672 1230 3746 Satrius
1259 3676 1322 3748 do·

322 3797 418 3848 mum
444 3805 557 3852 meam
585 3786 740 3858 ventilet.
766 3787 940 3863 Observat
963 3795 1002 3866 L.
1027 3796 1223 3871 Domitium
1249 3827 1322 3874 rna-

321 3900 434 3975 xime:
472 3930 528 3980 me
559 3907 667 3983 habet
699 3913 897 4012 proximum
914 3919 955 3991 ²³.
988 3919 1070 3994 Fuit
1102 3937 1138 3997 et
1166 3926 1258 3998 mibi
1284 3940 1321 3999 et
