2886 5000
327 393 398 484 204
677 407 848 460 nrrsroua
872 409 964 460 xxix.
1102 406 1299 462 a.v.c.693

201 565 206 575 ι
259 491 261 500 ⁴
325 541 400 590 esse
417 515 524 588 animi
541 526 647 614 atque
663 512 793 594 infirmi
805 512 961 588 videtur:
977 525 1053 586 tum
1067 537 1152 588 vero
1165 511 1254 586 nihil
1271 527 1324 587 est

325 655 399 714 tam
425 640 598 738 deforme,
623 665 729 740 quam
755 635 801 712 ad
826 665 999 714 summum
1015 641 1201 740 imperimn
1217 640 1324 714 etiam

209 851 213 857 ¹
324 766 550 841 acerbitatem
575 778 720 838 naturae
752 763 946 864 adiungere.
980 767 1098 858 Quare
1124 765 1221 842 illud
1251 791 1326 838 non

323 893 525 998 suscipiam,
550 905 605 990 ut,
631 917 719 992 quae
745 890 789 963 de
807 891 986 991 iracundia
1004 890 1073 964 dici
1090 891 1204 965 solent
1222 917 1242 964 a
1262 892 1324 965 do·

324 1019 485 1092 ctissimis
510 1015 730 1116 hominihus,
754 1043 795 1089 ea
813 1016 877 1089 tibi
893 1044 989 1091 nunc
1006 1044 1198 1119 exponam,
1215 1041 1325 1120 quum

322 1158 359 1217 et
382 1145 486 1217 nimis
510 1140 635 1242 longus
661 1169 735 1216 esse
760 1141 886 1244 nolim,
911 1156 948 1216 et
974 1170 1017 1216 ex
1032 1143 1226 1218 multorum
1242 1143 1326 1217 scri-

321 1271 391 1370 ptis
417 1296 457 1344 ea
481 1245 582 1343 facile
599 1270 713 1369 possis
735 1276 962 1368 cognescere:
986 1268 1087 1370 illud,
1106 1270 1203 1372 quod
1220 1284 1276 1342 est
1293 1266 1326 1336 ul

321 1395 489 1496 epistolae
515 1396 716 1497 proprium,
740 1409 780 1468 ut
804 1396 852 1495 is,
878 1394 1047 1498 adquam
1070 1395 1250 1495 scribitur,
1280 1395 1325 1482 de

320 1521 363 1594 iis
379 1520 501 1620 rebus,
528 1546 613 1622 quas
630 1522 785 1620 ignorat,
803 1523 932 1594 certior
947 1523 1025 1620 liat,
1042 1523 1326 1621 praetermitten-

321 1646 405 1720 dum
430 1671 506 1720 esse
534 1673 608 1720 non
623 1660 721 1748 puto.
749 1647 807 1720 Sic
834 1647 880 1721 ad
904 1673 970 1720 nos
996 1672 1117 1721 omnes
1134 1648 1206 1720 fere
1229 1647 1326 1720 dele-

193 1845 195 1850 .
318 1786 420 1858 runt,
445 1771 545 1874 nihil,
572 1797 680 1875 quum
706 1772 797 1846 absit
820 1772 1016 1874 iracundia,
1041 1786 1076 1846 tc
1108 1775 1183 1846 fieri
1215 1799 1324 1874 posse

318 1899 521 1972 iucundius:
548 1900 611 1973 sed
637 1925 745 2002 quum
769 1914 806 1972 te
832 1899 975 1973 alicuius
1001 1899 1208 2001 improbitas
1241 1925 1325 2001 per-

318 2024 534 2125 versitasque
560 2027 809 2124 commoverit,
834 2028 884 2098 sic
909 2040 945 2098 te
971 2026 1089 2098 animo
1105 2023 1262 2125 incitari,
1285 2039 1327 2098 ut

319 2149 364 2224 ab
384 2149 547 2224 omnibus
564 2164 626 2223 tua
644 2150 859 2256 desideretur
874 2149 1082 2224 humanitas.
1101 2152 1218 2243 Quare
1236 2177 1324 2252 quo·
1359 2249 1365 2255 ,

316 2275 412 2347 niam
436 2277 473 2348 in
498 2300 576 2349 eam
601 2278 774 2350 rationem
798 2278 892 2351 vitae
910 2279 941 2344 7⁵
966 2303 1032 2352 nos
1056 2301 1131 2350 non
1154 2290 1229 2350 tam
1260 2303 1324 2350 cu·

316 2399 446 2500 piditas
468 2400 640 2503 quaedam
658 2399 804 2502 gloriae,
830 2429 935 2504 quam
952 2429 1006 2476 res
1023 2403 1101 2503 ipsa
1118 2428 1159 2475 ac
1179 2403 1324 2476 fortuna

317 2525 481 2626 deduxit,
507 2541 548 2600 ut
574 2529 806 2629 sempiternus
826 2555 940 2605 sermo
957 2529 1139 2603 hominum
1157 2527 1325 2602 danobis

315 2651 451 2726 futurus
477 2654 537 2725 sit:
564 2673 770 2754 caveamus,
796 2668 966 2756 quantum
992 2653 1127 2727 efficere
1145 2667 1180 2726 et
1198 2677 1325 2726 conse-

318 2779 379 2878 qui
402 2803 606 2880 possumus,
629 2793 731 2853 utne
749 2779 846 2882 quod
863 2781 900 2852 in
917 2779 1021 2853 nobis
1044 2777 1179 2878 insigne
1195 2760 1326 2852 vitium

316 2900 422 2974 finisse
442 2902 586 2978 dicatur.
602 2904 724 3009 Neque
741 2931 806 3005 ego
822 2929 916 2978 nunc
928 2904 997 2978 hoc
1019 2902 1208 3004 contendo,
1225 2903 1326 3006 quod

316 3025 463 3100 sortasse
489 3055 599 3129 quum
614 3031 651 3102 in
671 3033 767 3105 omni
785 3045 924 3130 natura,
949 3044 1027 3105 tum
1050 3032 1120 3103 iam
1136 3031 1175 3102 in
1199 3044 1324 3102 nostra

315 3163 429 3226 aetate
448 3153 588 3230 difficile
607 3169 676 3256 est,
701 3171 835 3230 mutare
853 3157 1022 3256 animum,
1039 3169 1090 3256 et,
1115 3157 1144 3229 si
1162 3155 1251 3256 quid
1269 3169 1323 3229 est

210 3277 214 3296 '
316 3278 456 3377 penitus
474 3281 619 3356 insitum
641 3282 814 3380 moribus,
839 3282 876 3354 id
893 3282 1008 3356 subito
1026 3281 1186 3356 evellere:
1204 3281 1270 3354 sed
1289 3295 1323 3354 te

314 3401 403 3476 illud
429 3387 619 3508 admoneo,
644 3423 700 3508 ut,
725 3411 756 3482 si
773 3409 844 3481 hoe
860 3406 962 3508 plene
980 3409 1090 3483 vitare
1107 3432 1181 3480 non
1198 3421 1324 3506 potes,

314 3529 411 3631 quod
431 3547 511 3606 ante
539 3549 733 3637 occupatur
758 3535 893 3608 animus
919 3534 962 3607 ab
987 3533 1185 3632 iracundia,
1213 3559 1322 3635 quam

312 3656 498 3754 providere
523 3663 612 3737 ratio
632 3661 767 3762 potuit,
792 3686 836 3732 ne
855 3675 1100 3761 occuparetur,
1125 3673 1165 3732 ut
1183 3654 1324 3758 tefante

318 3805 499 3883 compares
521 3789 563 3886 ⁷⁶,
589 3786 815 3889 quotidieque
853 3786 1043 3884 meditere,
1082 3784 1322 3858 resistendum

313 3930 387 3979 esse
401 3889 617 4011 iracundiae,
643 3901 821 4014 quumque
839 3938 878 3984 ea
897 3913 1045 3986 maxime
1064 3912 1220 3985 animum
1238 3936 1318 3986 mo·
