2886 5000
347 362 416 452 242
577 375 1086 455 nrrsrouaxxxv117xxxvr11.
1130 379 1247 428 Δια
1265 374 1307 440 ⁶94

748 535 942 656 XXXVII.
1092 621 1146 680 (aa
1157 620 1208 666 Διι.
1226 621 1260 681 ιι,
1273 625 1310 675 ιι)

344 758 564 840 Argumentum
585 757 697 822 Son'bit
716 779 748 821 se
768 761 892 820 Annum
912 727 1059 820 &Nudos
1079 756 1161 818 haud
1182 762 1236 818 ire.

560 940 614 992 scr.
632 937 665 992 ab
682 939 759 1012 Appii
775 939 832 993 ioro
850 941 880 994 Δ.
898 939 930 992 V.
948 939 979 992 C.
997 937 1134 992 DCXCIV.

655 1111 799 1178 CICERO
824 1109 974 1177 ATTICO
1000 1111 1031 1176 S.

392 1300 487 1375 Volo
512 1326 607 1374 ames
638 1323 753 1372 meam
782 1299 1025 1374 constantiam.
1057 1297 1179 1373 Ludos
1211 1301 1334 1378 Αιιιιίι

342 1439 502 1528 spectare
526 1451 601 1500 nou
625 1424 750 1527 placet.
776 1427 842 1500 Est
867 1425 960 1498 enim
992 1427 1201 1525 inaeniorum,
1234 1451 1336 1526 quum
1419 1433 1420 1498 i

344 1553 448 1628 velim
472 1554 583 1626 vitare
608 1552 765 1626 omnium
791 1551 992 1625 deliciarum
1016 1551 1269 1652 suspicionem,
1289 1578 1337 1623 re·

342 1692 450 1778 pente
474 1683 695 1764 ἀναφαίνεσθαι
721 1703 795 1752 non
819 1676 934 1752 solum
960 1676 1124 1776 delicate,
1148 1676 1212 1750 sed
1238 1678 1337 1748 etiam
1400 1660 1420 1737 'i

342 1803 461 1901 inepte
478 1805 757 1903 peregrinantem
767 1819 793 1876 ².
810 1806 928 1899 Quare
945 1829 1055 1904 usque
1070 1802 1115 1876 ad
1127 1802 1218 1876 Non.
1232 1803 1337 1874 Maias

343 1941 378 1998 te
403 1928 440 1999 in
465 1927 654 2008 Formiano
681 1929 902 2028 exspectabo
929 1929 1031 2003 Nune
1058 1929 1129 2026 fac,
1154 1941 1195 2000 ut
1221 1929 1338 2025 sciam,

343 2076 413 2152 quo
426 2052 482 2126 dje
496 2067 530 2126 te
541 2055 649 2128 visuri
665 2056 780 2128 simus.
798 2055 853 2129 Ab
866 2053 1008 2160 Appiis
1003 2079 1084 2152 oro,
1099 2053 1186 2127 hora
1205 2067 1335 2154 quarta.

344 2177 518 2254 Dederam
541 2179 645 2255 aliam
669 2181 776 2284 paulo
809 2196 892 2256 aute
918 2208 938 2255 a
963 2181 1094 2256 Tribus
1127 2179 1336 2254 Tabernas

735 2423 948 2547 XXXVIII.
1093 2473 1208 2532 (Μ
1226 2473 1285 2572 ¹¹³¹
1293 2472 1316 2526 )

381 2721 497 2784 Romae
517 2735 637 2806 agatur,
657 2726 719 2787 fere
739 2729 866 2798 nesciat,
886 2737 923 2788 ut
945 2725 1002 2786 sibi
1032 2723 1192 2807 epistolam
1221 2717 1359 2806 plenam'

381 2839 535 2903 actorum,
552 2834 792 2916 opinionumque
813 2855 937 2894 suarum
957 2835 1066 2896 mittat.
1125 2819 1138 2836 ⁸

1055 2919 1072 2956 x

482 3009 536 3063 Sor.
556 3012 583 3064 in
601 3013 739 3067 Formiano
757 3015 787 3066 Δ.
806 3013 839 3066 V.
856 3013 887 3069 C.
898 3013 1034 3094 'DCXCIV
1051 3029 1119 3065 men.
1138 3010 1201 3081 Apr.

649 3185 796 3254 CICERO
819 3184 970 3258 ATTICO
996 3185 1027 3250 S.

342 2617 562 2695 Argumentum.
583 2617 675 2693 Petit,
704 2623 848 2702 quoniam
860 2622 907 2682 in
933 2620 1115 2691 Formiano,
1136 2618 1211 2700 quid
1240 2636 1337 2677 rerum

1419 2699 1420 2762 i

389 3367 501 3445 Narro
527 3372 607 3448 tibi.
631 3372 737 3475 plane
762 3373 934 3476 relegatus
951 3371 1037 3454 mihi
1054 3371 1191 3471 videor,
1217 3385 1420 3473 postea
1419 3455 1420 3464 ἵ

338 3521 443 3595 quam
469 3498 507 3570 in
531 3498 720 3575 Formiano
745 3528 831 3576 sum.
856 3502 940 3574 Dies
966 3501 1059 3572 enim
1093 3498 1210 3572 nullus
1244 3509 1339 3590 er‚at

337 3621 435 3704 Antii
460 3651 568 3725 quum
593 3652 725 3727 essem,
750 3653 820 3729 quo
847 3626 903 3698 die
928 3651 1001 3699 non
1033 3624 1157 3698 melius
1183 3625 1340 3728 scirem,

337 3747 468 3823 Romae
495 3751 579 3852 quid
605 3767 779 3853 ageretur,
805 3779 910 3853 quarn
927 3749 973 3849 ii,
997 3753 1056 3852 qui
1074 3765 1175 3824 erant
1196 3751 1335 3820 Romae
1419 3731 1420 3808 i

336 3876 478 3952 Etenim
503 3877 622 3952 literae
647 3893 746 3977 tuae,
770 3902 843 3950 non
869 3876 984 3950 solum
1010 3877 1097 3978 quid
1113 3839 1257 4003 Romaep
1270 3867 1337 3940 sed
