2932 5000
354 379 427 478 394
717 399 985 452 tnnortrsonas

357 505 392 567 15
411 505 535 579 Murus,
556 505 608 586 qni
630 504 782 564 Ciceronis
801 504 981 586 palaestram
1001 505 1033 564 in
1057 502 1149 564 domo
1171 505 1308 569 Palatina
1331 531 1351 569 a

392 615 430 692 Q.
450 612 550 674 fratris
581 631 651 670 anea
681 609 858 692 separabat,
890 613 1010 672 ruinam
1040 611 1150 672 minari
1179 612 1351 676 videbator.

391 723 497 801 ltaque
517 718 622 778 Cicero
643 720 700 790 ait,
720 738 751 776 se
769 716 948 788 Philotimo,
966 717 1125 778 Terentiae
1138 716 1266 791 liberta,
1279 741 1352 780 suo-

393 847 452 908 que
482 826 692 908 procuratori,
722 826 906 906 imperasse,
936 845 974 884 ne
994 809 1172 906 impediret,
1204 828 1277 906 quin
1296 827 1351 886 ille

390 953 496 993 murus
511 959 514 970 ·
530 931 724 1007 reficeretur3
756 933 809 992 etsi
825 930 961 1003 uideat,
992 929 1049 990 sibi
1079 931 1246 1014 palaestrae
1275 954 1351 993 suae
1453 1011 1454 1018 ἵ

390 1041 523 1102 fructum
542 1061 599 1122 per
618 1040 787 1120 proximam
818 1048 961 1099 aestatem
986 1037 1046 1100 hac
1071 1037 1279 1100 aedificatione
1298 1042 1351 1100 in·
1453 1087 1454 1104 .

388 1157 557 1230 tereeptum
576 1147 622 1205 iri.
642 1145 761 1206 Schritz.

354 1253 390 1314 16
409 1253 497 1314 Libb.
518 1254 633 1335 aliquot
653 1265 685 1314 ut
704 1273 824 1326 remeo,
845 1251 929 1334 quod
948 1255 1011 1314 iam
1030 1253 1157 1336 Malasp.
1177 1253 1351 1334 corrigebat

275 1343 277 1346 Ι
390 1374 421 1422 tn
440 1381 551 1421 censeo.
581 1359 701 1422 Vettius
725 1370 770 1422 est
795 1359 985 1443 Chrysippus
1008 1360 1129 1422 Vettius
1153 1359 1348 1423 arclu'tectus.
1453 1337 1454 1424 l

310 1549 313 1556 ,
389 1469 507 1528 Sclriitz.
893 1469 894 1472 ’
972 1476 974 1482 ’
997 1491 999 1496 ·

354 1597 387 1656 17
409 1573 574 1648 Invidiam,
600 1553 685 1655 quasi
715 1556 895 1656 optimates,
921 1575 974 1656 qni
994 1593 1065 1634 vere
1084 1575 1242 1656 optimates
1263 1574 1350 1644 sint,

388 1681 448 1742 hoc
467 1691 512 1742 est
530 1679 671 1744 facientes
691 1701 760 1740 cum
781 1680 934 1764 republ,
954 1679 1068 1742 insidiis
1087 1691 1117 1742 et
1129 1679 1270 1762 periculis
1290 1700 1350 1761 pe-

388 1799 531 1848 terentur.
564 1787 679 1848 Alludit
698 1790 861 1870 praecipue
881 1787 920 1847 ad
941 1808 972 1848 se
997 1789 1116 1868 ipsum,
1136 1788 1205 1868 qui,
1223 1795 1260 1845 ut
1279 1787 1350 1868 ipse
1453 1811 1454 1866 χ

388 1896 451 1966 ait,
471 1893 575 1953 furore
595 1892 742 1954 Pulchelli
766 1895 836 1976 (ep.
855 1895 958 1966 XXV,
978 1895 1016 1974 3)
1038 1891 1203 1976 petebatur.

352 1999 387 2060 18
408 2001 469 2077 Qui
489 1999 605 2061 fructus
625 2010 691 2060 erat
710 2002 742 2059 in
763 2003 908 2061 exercitiis
929 2002 1079 2083 corporis,
1097 2002 1128 2058 in
1148 1997 1347 2060 ambulando.

288 2183 291 2190 ,
386 2106 512 2168 Puerum
518 2152 529 2181 ,
549 2107 654 2186 Quinti
675 2105 826 2168 Ciceronis
847 2107 945 2170 filium
964 2128 1000 2168 ex
1020 2107 1197 2189 Pomponia.
1221 2106 1346 2165 Selaittz.
1453 2161 1454 2192 ,

602 2283 618 2332 l
786 2347 899 2405 XXXI.

351 2552 361 2590 1
386 2530 500 2604 Aldus,
525 2531 604 2592 vict.
631 2542 661 2592 et
688 2533 798 2592 Graev.
829 2529 1063 2592 Alexandream.
1095 2531 1270 2610 Vtrumque
1303 2530 1348 2590 la-

315 2641 316 2644 ’
384 2639 447 2698 tine
478 2636 608 2709 dictum,
637 2637 771 2720 probant
796 2637 968 2698 Priscianus
989 2637 1040 2698 lib.
1062 2639 1112 2710 ll,
1141 2659 1171 2720 p.
1201 2635 1287 2708 588,
1320 2646 1349 2698 et

387 2742 551 2815 Callanus,
582 2743 672 2804 Orth.
700 2744 750 2804 lat
773 2771 790 2800 a
810 2742 942 2805 Vrbium
973 2745 1115 2814 nomina,
1146 2741 1196 2804 hic
1223 2744 1349 2824 inquit,

387 2875 404 2904 a
423 2861 671 2934 proparorytona
709 2854 742 2924 in
778 2825 819 2904 aa
853 2853 991 2912 exeuntia
1023 2849 1151 2912 dubium
1171 2841 1346 2910 ¹accentum

386 2981 403 3011 a
423 2958 505 3038 apud
524 2959 647 3020 Latinos
672 2957 799 3031 habent,
819 2969 913 3039 prout
941 2959 973 3017 in
1003 2976 1062 3030 ea,
1089 2957 1138 3018 vel
1164 2957 1194 3018 ia
1219 2956 1345 3017 cadunt.

385 3088 403 3116 a
423 3063 580 3140 Quaedam
601 3067 783 3125 constantius
804 3065 837 3123 E
853 3064 978 3146 longum
1007 3063 1142 3136 habent,
1171 3074 1207 3125 ut
1226 3063 1345 3124 Laodi-

269 3208 272 3216 .
379 3194 404 3264 ,“
423 3168 524 3259 dicen,
541 3171 708 3245 Heraclea,
722 3171 876 3253 Apamea,
899 3169 1096 3246 Cassandram
1111 3169 1261 3251 quaedam
1282 3171 1349 3253 ple-

385 3300 402 3328 a
423 3264 552 3357 rumque
572 3299 628 3360 per
640 3281 669 3338 ia
683 3276 864 3338 scribuntur.
880 3321 887 3338 .
902 3322 909 3336 .
924 3321 953 3337 ..
975 3276 1080 3337 Horat.
1096 3277 1152 3348 lV,
1162 3276 1209 3338 od.
1229 3278 1283 3353 14,
1299 3277 1348 3337 35.

385 3407 402 3437 «ι
422 3371 618 3448 Alexandrea
638 3383 891 3467 scripsit-arrecta
911 3381 1094 3466 penultima,
1124 3386 1157 3443 in
1175 3386 1278 3444 narnis
1301 3385 1369 3444 la·'

384 3514 402 3543 a
421 3490 490 3549 linis
511 3502 612 3552 autem
628 3489 826 3554 Alexandria.
838 3515 855 3545 a
872 3489 941 3552 Vid
962 3493 1092 3573 interpp.
1113 3489 1152 3551 ad
1172 3491 1248 3552 Hor.
1270 3492 1293 3553 l.
1307 3515 1350 3562 c.,

382 3605 412 3653 et
432 3595 471 3654 ad
491 3598 582 3680 Prop.
605 3602 671 3672 lll,
696 3622 747 3670 11,
769 3599 816 3658 33.
848 3597 989 3658 Ceterum
1022 3582 1163 3679 graecum
1186 3615 1209 3652 a
1235 3602 1351 3660 transit

326 3724 328 3728 ¹
383 3703 464 3784 apud
484 3705 549 3766 Lat.
570 3708 601 3766 in
623 3708 635 3765 i
642 3729 650 3782 3
671 3707 731 3788 vid.
752 3705 791 3766 ad
812 3725 858 3787 ep.
879 3705 971 3776 XXI,
994 3725 1027 3776 a,
1047 3727 1076 3764 n.
1102 3703 1146 3765 16.

344 3826 361 3864 2
383 3806 451 3868 Scil.
472 3832 577 3871 rumor
591 3823 670 3884 erat,
685 3813 842 3872 Caesarem
861 3810 999 3871 Ciceroni
1020 3811 1196 3874 oblaturum
1215 3812 1351 3894 legatio-
1453 3807 1454 3868 i

382 3935 452 3974 nem
473 3919 504 3975 in
525 3919 697 4002 Aegyptum
717 3919 756 3978 ad
769 3917 980 3978 Ptolomaeum
999 3939 1110 4000 regem.
1125 3920 1240 3982 Sclziitz.
1261 3919 1352 3980 Hinc

385 4019 428 4080 his
447 4025 621 4088 mittentibus
641 4026 774 4108 intellige
795 4045 863 4085 cnm
886 4024 1014 4088 Caesare
1030 4025 1219 4109 Pompeium.
