2932 5000
526 463 561 509 ns
588 459 777 512 nrrsronss
1079 443 1149 546 375

189 559 260 621 dere
281 557 462 631 conabatur,
482 579 520 621 nc
540 564 604 643 ipse
625 561 812 636 tribunatum
834 565 981 646 petiturus
1002 585 1036 626 ox
1057 573 1150 651 patri-

191 671 238 728 cio
258 666 394 750 plebeius
415 665 480 728 fieri
502 678 669 749 cogeretur.
690 669 761 732 Vid.
782 669 872 730 Dion.
894 671 1063 745 XXXVII,
1084 675 1133 737 51.

158 774 192 837 16
212 774 358 846 Clodius,
379 774 460 846 scil,
480 785 584 856 aperte
604 774 743 836 tribunus
763 775 804 858 pl.
824 775 891 837 fieri
911 781 1002 861 cupit.

160 903 192 962 ¹l
214 881 385 942 Levitatem
408 891 438 940 et
458 882 686 942 inconstantiam
705 880 834 944 hominis
853 886 967 965 arguit,
987 889 1039 966 qui
1059 903 1152 968 quum

194 990 224 1048 in
246 987 350 1047 Sicilia
371 998 496 1068 questos
520 997 611 1060 esset,
637 987 792 1049 dictitabat
813 1009 843 1052 se
864 989 998 1071 legitimo
1018 1002 1154 1074 tempore

190 1096 357 1177 petiturum
374 1093 491 1154 Romae
505 1093 701 1186 aedilitatem
721 1106 829 1177 postea
841 1107 943 1159 autem
958 1097 1097 1158 tribunus
1110 1098 1152 1180 pl.

192 1199 260 1261 lieri
285 1200 368 1261 velit.
388 1201 552 1262 Petitarum
572 1203 697 1283 inquam
723 1200 916 1276 aedilitatem,
936 1224 1007 1264 nam
1021 1204 1154 1266 aedilitas

192 1305 376 1388 sequebatur
401 1317 604 1388 quaesturam.
632 1307 673 1368 Se
688 1321 789 1392 petere
813 1319 858 1372 est
887 1329 923 1372 ex
947 1311 1155 1373 emendatione

191 1413 280 1472 lunii.
299 1414 377 1473 Nam
397 1412 469 1474 libri
489 1434 578 1496 saepe
598 1413 771 1489 dictitasset,
791 1415 840 1478 vel
859 1436 946 1498 saepe
959 1417 1155 1481 hereditasset.

188 1518 330 1580 Proxime
351 1521 438 1580 lunio
464 1531 509 1581 est
532 1521 613 1581 Bosii
636 1521 834 1584 Decurtatus:
861 1519 902 1584 In
927 1523 1045 1586 Siciliae
1066 1527 1154 1586 berae

188 1626 366 1688 aedilitatem
392 1647 423 1685 se
444 1637 543 1707 petere
571 1625 739 1689 dictitasset.
771 1628 1023 1691 Emendationem
1050 1629 1154 1712 plures

189 1732 382 1814 adoptarunt.
404 1731 497 1793 Herv.
517 1717 698 1796 aedilitatem
716 1753 805 1818 saepe
824 1734 990 1798 dictitasset.

156 1838 193 1902 18
213 1837 300 1900 amb.
326 1834 363 1897 16
382 1837 604 1901 elaborandam.

154 1967 192 2029 ¹9
210 1945 370 2006 Ernestius
391 1943 563 2028 corrigebat
572 1945 683 2028 fisr'sset
703 1947 747 2008 lic.
770 1947 930 2030 Temporis
951 1949 1029 2009 ratio
1049 1947 1081 2008 id
1101 1969 1156 2030 po·

191 2051 291 2114 stulat.
530 2129 533 2137 Χ

150 2179 192 2220 20
214 2157 325 2219 Siculo
350 2157 474 2220 Obviam
491 2158 617 2240 pmdire
629 2159 774 2241 potuisse,
794 2169 919 2242 propter
939 2161 1003 2222 eius
1023 2159 1156 2224 celerita-

192 2276 264 2326 tem.
285 2265 324 2324 Se
343 2267 488 2338 inaurire,
509 2269 540 2325 in
559 2264 679 2328 urbem.

151 2391 189 2432 ar
214 2371 304 2432 Haec
325 2370 416 2432 nobis
437 2372 587 2433 inculcata
606 2371 755 2434 videntur.
784 2370 857 2432 Tria
883 2369 998 2432 dixerat
1024 2370 1147 2433 Clodius

156 2519 158 2524 .
193 2487 222 2538 et
243 2479 278 2538 iis
300 2477 395 2540 tribus
415 2478 542 2540 totidem
563 2480 692 2560 opponit
712 2478 827 2539 Cicero.
849 2478 954 2556 Quum
981 2477 1031 2540 ille
1055 2499 1086 2538 se
1111 2480 1155 2536 in-

194 2592 303 2643 ctasset
323 2603 359 2644 ex
381 2583 482 2646 Sicilia
501 2587 630 2666 septimo
651 2584 699 2645 die
719 2586 834 2644 venisse
860 2583 1006 2654 Romam,
1033 2581 1083 2642 hic
1109 2582 1155 2642 di·
1251 2581 1253 2592 ’

194 2691 237 2750 cit
261 2688 339 2750 nihil
365 2693 479 2750 mirum
505 2677 645 2752 accidisse
673 2694 717 2762 ei,
744 2693 796 2771 qui
823 2689 920 2750 tribus
948 2687 1030 2750 horis
1058 2689 1157 2748 Roma

194 2797 400 2857 Interamnam
422 2799 538 2871 ivisset;
559 2817 654 2878 quum
674 2796 744 2868 ille,
774 2807 887 2868 noctu,
911 2797 1030 2882 nemine
1061 2797 1157 2854 scien·

193 2911 238 2974 te,
264 2904 402 2964 introisse
425 2905 458 2964 in
484 2901 613 2977 urbem,
640 2903 690 2965 bio
717 2905 855 2964 introisse
879 2902 963 2962 illum
989 2903 1061 2964 item
1088 2910 1157 2961 ante

193 3020 335 3085 noctem;
374 3031 469 3092 quum
503 3009 554 3070 ille
585 3010 729 3083 tandem,
758 3011 908 3071 neminem
947 3006 1003 3072 sibi
1034 3007 1157 3067 obviam

191 3117 294 3188 ivisse,
313 3115 363 3176 hic
382 3118 488 3198 utique
508 3137 570 3177 non
594 3127 656 3178 esse
677 3120 754 3178 itum
775 3115 918 3193 obviam,
939 3135 978 3176 ne
1003 3125 1069 3174 tum
1090 3114 1160 3194 qui·
1229 3175 1232 3182 Δ

192 3221 278 3295 dem,
301 3243 397 3303 quum
418 3225 455 3284 iri
476 3221 589 3284 debuit.
613 3223 694 3285 Haec
715 3229 816 3283 omnia
836 3224 987 3304 pertinent
1008 3219 1046 3280 ad
1065 3218 1159 3280 viola·

138 3311 139 3318 ἵ
192 3331 309 3390 tionem
332 3347 489 3390 sacrorum
509 3329 610 3391 Bonae
631 3331 723 3392 Deae.
743 3329 846 3390 Tribus
860 3329 937 3390 horis
950 3327 1045 3390 nona
1064 3325 1159 3386 Inter

191 3453 328 3509 ammam,
347 3437 494 3498 nimirum
516 3435 640 3498 Clodius
663 3435 867 3498 affirmaverat
887 3434 1057 3496 testimonio
1086 3429 1158 3488 Cas·

194 3545 261 3604 sinii
290 3542 439 3616 Scholae,
467 3564 498 3604 se
524 3555 589 3604 tum
615 3545 706 3606 fuisse
732 3545 940 3613 Interamnae,
960 3557 1055 3621 quum
1075 3556 1160 3596 sacra

193 3646 296 3710 Bonae
316 3651 399 3711 Deae
426 3650 538 3711 violata
561 3651 698 3725 suerum
718 3649 749 3710 id
769 3650 875 3710 salsum
898 3658 975 3718 erat,
996 3661 1091 3726 quum
1112 3641 1160 3700 Ci-

196 3775 270 3816 cero
294 3777 366 3816 eum
387 3757 504 3816 Romae
525 3756 647 3818 vidisset
666 3753 763 3815 tribus
783 3754 865 3815 horis
876 3763 958 3823 ante,
971 3769 1061 3831 <atam
1076 3767 1160 3806 sacra

197 3858 326 3936 fierent;
363 3864 419 3922 nisi
448 3865 471 3922 si
505 3860 628 3922 Clodius
655 3861 751 3921 trihus
781 3855 867 3921 horis'
887 3859 985 3918 Roma
1013 3855 1160 3912 Interam·

195 3969 384 4039 uetuisset,
409 3966 492 4048 quod
520 3979 584 4028 erat
610 3963 802 4049 impossibile.
828 3965 903 4026 Diri
925 3959 1052 4023 trimme
1077 3957 1178 4016 illam·
