2924 5002
311 344 384 416 318
674 359 846 412 narsrota
871 364 933 410 nu.
1087 313 1286 428 tuomst

309 468 446 565 Cassio,
471 465 655 564 Scaevola,
681 479 717 538 te
742 464 787 537 ab
812 465 854 536 iis
881 463 977 562 diligi
1003 472 1061 554 (ut
1080 465 1221 558 scribis)
1247 447 1313 541 ve-

260 663 261 668 ,
308 596 489 670 hementer
513 592 660 691 gaudeo.¹
683 592 809 666 Cetera
834 591 975 665 filerunt
1006 592 1045 664 in
1078 591 1317 694 eademepi-

308 722 398 797 stola
424 720 599 820 graviora,
632 745 738 820 quam
766 715 909 818 vellem,
942 722 1043 814 ὀρθὰν
1074 723 1129 788 τάν
1161 729 1250 821 ναῦν,
1276 737 1319 801 et

309 861 391 952 ἅπαξ
413 853 528 918 θανεῖν.
563 846 700 920 Maiora
726 847 793 919 ista
826 855 929 917 erunt
946 859 987 916 ²9.
1014 845 1114 918 Meae
1147 845 1318 946 obiurga-

309 977 422 1048 tiones
447 975 588 1048 fuerunt
614 973 741 1064 amoris
758 970 993 1072 plenissimae,
1019 999 1108 1074 quae
1125 987 1208 1045 sunt
1223 1000 1320 1049 non-

202 1186 219 1208 ·
308 1101 424 1176 nullae
436 1158 446 1202 ,
471 1099 535 1176 sed
559 1113 679 1173 tamen
705 1095 917 1196 mediocres,
937 1077 988 1170 ,et
1019 1125 1149 1198 parvae
1180 1102 1321 1200 potius.

308 1231 385 1326 Ego
412 1243 447 1302 te
471 1253 664 1330 numquam
680 1224 765 1308 ⁸ulla
785 1226 823 1298 in
847 1251 885 1298 re
911 1224 1056 1324 dignum
1083 1227 1225 1300 minima
1260 1255 1321 1300 re-

308 1353 540 1454 prehensione
568 1367 764 1454 putassem,
797 1377 906 1453 quum
934 1365 969 1424 te
1002 1352 1217 1425 sanctissime
1251 1379 1319 1453 ge-

308 1507 417 1579 reres,
441 1481 509 1554 nisi
533 1480 693 1552 inimicos
717 1477 847 1551 multos
879 1477 1097 1554 haberemus.
1130 1480 1228 1572 Quae
1262 1481 1318 1554 ad

309 1621 343 1678 te
376 1607 492 1710 aliqua
524 1607 778 1703 admonitione,
804 1617 865 1677 aut
887 1604 1131 1703 obiurgatione
1164 1607 1317 1708 scripsi,

308 1735 429 1834 scripsi
453 1748 602 1835 propter
627 1731 843 1832 diligentiam
864 1731 1036 1805 cautionis
1052 1757 1167 1832 meae,
1183 1733 1219 1804 in
1236 1761 1317 1834 qua

184 1913 188 1921 1
307 1872 344 1929 et
370 1885 496 1934 maneo
530 1872 566 1931 et
598 1857 766 1956 manebo,
798 1871 855 1956 et,
878 1857 975 1932 idem
1005 1871 1046 1930 ut
1078 1872 1116 1931 tu
1141 1857 1245 1932 facias
1263 1861 1315 1959 ³⁰,

306 2011 380 2058 non
405 1985 571 2084 desistam
594 2010 727 2084 rogare.

356 2115 380 2186 8
404 2111 542 2186 Attalus
567 2112 779 2215 Iphcmenus
805 2136 944 2184 mecum
961 2111 1048 2210 egit,
1073 2124 1114 2183 ut
1130 2137 1166 2184 se
1182 2136 1225 2183 ne
1244 2111 1313 2185 im-

304 2237 459 2338 pedires,
484 2266 554 2340 quo
579 2240 713 2339 minus,
739 2236 835 2340 quod
861 2236 907 2312 ad
921 2239 975 2334 ,Q
992 2236 1175 2312 Publiceni
1188 2239 1217 2287 3¹
1236 2251 1313 2311 sta-

305 2376 403 2438 tuam
429 2364 609 2440 decretum
634 2379 704 2465 est,
733 2377 948 2464 erogaretur:
981 2363 1078 2464 quod
1103 2389 1167 2461 ego
1202 2377 1236 2434 te
1270 2379 1315 2437 et

304 2517 392 2588 rogo
424 2505 460 2564 et
492 2493 685 2592 admoneo,
717 2517 763 2578 ne
796 2490 874 2564 talis
908 2490 995 2588 viri,
1027 2504 1168 2590 tamque
1193 2493 1314 2565 nostri

305 2619 507 2718 necessarii,
523 2619 697 2692 honorem
714 2617 824 2689 minui
841 2642 906 2717 per
922 2630 957 2688 te
966 2672 977 2715 ,
993 2630 1054 2688 aut
1069 2615 1231 2716 impediri
1248 2643 1312 2690 ve-

303 2742 354 2816 lis.
372 2746 555 2818 Praeterea
567 2747 700 2845 Aesopi
718 2743 893 2842 tragoedi,
910 2743 1021 2815 nostri
1042 2741 1231 2842 familiaris,
1247 2745 1312 2815 Li·
1374 2769 1375 2772 ¹

305 2869 416 2942 cinius
434 2896 571 2970 servus,
597 2871 663 2944 tibi
678 2885 783 2945 notus
789 2926 801 2971 ,
827 2869 967 2967 aufugit.
992 2871 1027 2942 ls
1044 2867 1192 2940 Athenis
1208 2872 1312 2968 apud

303 2995 494 3066 Patronem
530 2998 746 3096 Epicureum
781 3021 847 3096 pro
887 2993 997 3067 libero
1035 2994 1108 3066 tiit.
1141 2993 1230 3066 Inde
1267 2996 1309 3068 in

240 3139 242 3146 ’
304 3118 423 3191 Asiam
439 3123 544 3194 venit.
571 3126 700 3196 Postea
715 3122 818 3195 Plato
837 3118 980 3223 quidam
997 3119 1203 3219 Sardianus,
1218 3121 1310 3222 Epi-

305 3267 444 3345 cureus,
468 3249 527 3346 qui
544 3248 690 3322 Athenis
708 3248 798 3324 solet
814 3273 889 3320 csse
905 3244 1070 3346 multum,
1096 3260 1132 3319 et
1149 3247 1309 3348 quitum

303 3367 449 3442 Athenis
474 3371 602 3475 suerat,
628 3403 736 3476 quum
761 3374 915 3449 Licinius
940 3399 983 3445 co
1001 3373 1169 3472 venisset,
1194 3399 1308 3474 quum

303 3520 384 3566 eum
407 3495 591 3596 fugitivum
616 3528 691 3576 esse
724 3515 847 3603 postea
873 3525 916 3574 ex
940 3500 1072 3600 Aesopi
1103 3498 1213 3572 literis
1248 3525 1307 3571 oo-

301 3637 459 3724 gnosset,
483 3624 662 3702 hominem
689 3623 972 3728 comprehendit,
998 3638 1034 3696 et
1050 3626 1088 3696 in
1104 3624 1307 3698 custodiant

299 3746 434 3848 Ephesi
459 3751 618 3826 tradidit:
652 3755 715 3828 sed
739 3755 777 3826 in
808 3749 1019 3860 publicam,
1038 3776 1083 3822 an
1114 3751 1151 3824 in
1185 3751 1306 3851 pistri-

299 3895 384 3952 num
398 3877 527 3976 ³²,non
553 3883 636 3960 satis
662 3907 703 3958 ex
729 3880 836 3956 literis
862 3869 936 3952 eius
961 3876 1154 3976 intelligere
1182 3877 1304 3977 potui-
