2932 5000
681 415 952 472 tuuortrrours

720 685 728 698 ,
749 629 878 692 xxvu.

320 865 331 905 r
356 845 505 923 Quintum
526 861 650 924 nempe,
675 842 781 920 Quinti
806 841 907 903 fratris
934 853 964 904 et
983 842 1171 928 Pomponiae
1198 847 1321 922 filium,

356 954 408 1032 qui
423 960 487 1010 erat
507 948 590 1031 apud
603 949 736 1009 Atticum
750 951 782 1008 in
795 948 901 1030 Epiro.
915 949 993 1022 Nor,
1006 950 1067 1011 scil.
1081 953 1123 1014 M.
1137 965 1168 1014 et
1181 955 1220 1033 Q.
1237 957 1324 1018 Cice-

354 1078 450 1118 rones.
474 1069 610 1121 Συννοσιῖν
632 1056 726 1116 malui
745 1076 814 1116 cum
828 1056 950 1119 Murelo
967 1058 1053 1138 (Var.
1067 1061 1150 1121 Lect
1168 1062 1256 1135 XIV,
1270 1067 1323 1145 7),

333 1167 423 1247 gui,
443 1185 539 1245 quum
559 1166 591 1223 in
611 1175 670 1224 ant
685 1162 750 1223 cod.
764 1164 926 1225 invenisset
939 1186 1019 1226 omos
1041 1187 1197 1240 cmosrru,
1216 1190 1322 1230 emen-

353 1271 436 1331 davit
455 1269 608 1346 συννοσιῐνξ
639 1291 732 1351 quam
752 1269 993 1332 emendationem
1013 1271 1169 1355 adoptavit
1195 1273 1319 1336 sohte.

351 1378 482 1460 Nempe,
501 1387 536 1438 ut
555 1377 606 1437 ille
625 1375 706 1436 idem
731 1375 885 1458 explanet,
904 1377 984 1438 filius
1004 1378 1196 1460 aegrotabat,
1215 1391 1246 1440 et
1265 1401 1322 1464 pa-

352 1493 439 1544 truus
459 1482 621 1564 significat,
642 1503 674 1544 se
695 1481 751 1543 sibi
773 1483 868 1544 videri
882 1505 950 1544 cum
972 1506 1009 1545 eo
1025 1497 1190 1567 aegrotare.
1210 1486 1318 1569 Vulgo

352 1603 447 1672 Oetae,
467 1588 550 1671 quod
569 1589 725 1650 Emestius
745 1590 960 1672 interpretatur
976 1592 1091 1670 patrui3
1112 1591 1164 1653 sed
1182 1594 1247 1653 eius
1267 1595 1319 1653 in-

351 1697 574 1780 terpretationis
594 1695 712 1756 nullum
725 1695 809 1756 aliud
822 1696 911 1758 affert
922 1696 1107 1781 exemplum,
1118 1719 1219 1780 neque
1238 1697 1319 1760 haee

352 1804 560 1886 interpretatio
581 1801 701 1863 videtur
722 1823 785 1863 esse
805 1801 896 1864 huius
917 1802 984 1864 loci.

312 1929 331 1969 2
352 1909 401 1969 Sic
413 1908 493 1969 infra
506 1919 672 1995 Κορινθίων,
689 1919 850 1991 mettun,
864 1909 1065 1994 supplendum
1078 1919 1232 1988 πολιτείαη
1247 1911 1319 1972 Pet-

351 2016 519 2076 lenaeonrm
532 2013 746 2076 Corinthiorum
757 2016 976 2078 Atheniensium
988 2037 1050 2076 rem
1065 2018 1149 2097 publ.
1169 2039 1188 2076 a
1206 2018 1317 2079 Dicae·

351 2121 444 2183 archo
457 2121 568 2183 scilieet
581 2123 731 2205 scriptam.
745 2123 824 2185 Viet
846 2131 1003 2188 Πελιναίων.
1021 2123 1166 2204 Magnum
1178 2145 1318 2186 aceruum

351 2229 546 2303 Dicaeamlri,
564 2227 596 2287 h.
616 2249 657 2302 e.,
676 2250 821 2311 magnum
845 2250 988 2319 acervum
1007 2230 1199 2292 voluminum
1218 2252 1238 2290 a
1257 2231 1317 2290 Di·

351 2334 497 2397 caearcho
517 2337 699 2419 scriptorum
724 2335 851 2418 legendo
872 2336 1054 2399 evolverem.
1069 2336 1315 2398 Edd.1ens.Mi-

349 2453 413 2504 nut
434 2443 526 2504 Herv.
547 2443 763 2504 obstruxerant.

312 2551 331 2612 3
351 2551 393 2611 Et
411 2570 473 2611 non
491 2549 608 2632 placet;
629 2560 764 2612 attamen
784 2561 828 2610 est
848 2552 879 2611 in
897 2548 971 2610 libb.
993 2549 1143 2611 omnibus.
1164 2549 1254 2610 amb.
1280 2550 1317 2612 16

351 2669 381 2718 et
401 2657 446 2718 ed.
468 2659 543 2718 lens.
563 2655 728 2730 eteoclem,
749 2679 785 2718 ex
806 2678 869 2739 quo
888 2678 1021 2740 pronum
1042 2668 1086 2718 est
1104 2659 1257 2739 corrigere
1273 2679 1316 2719 ex

350 2762 399 2824 vel
418 2762 456 2822 de
469 2761 587 2838 eodem,
606 2762 690 2844 quod
703 2763 907 2846 praetulerim.
928 2762 1052 2836 bamb„
1072 2784 1127 2825 suo
1153 2773 1268 2836 marte,
1286 2785 1314 2825 o.

349 2891 387 2929 m.
408 2870 568 2942 hominem,
589 2867 675 2930 uude.

310 2975 331 3052 4
351 2974 401 3036 Sic
421 2975 509 3036 Amb.
535 2975 589 3048 16,
609 2977 658 3036 cui
678 2977 816 3058 proxime
836 2975 903 3037 edd.
924 2976 999 3038 lens.
1021 2987 1052 3040 et
1071 2976 1139 3038 tld.
1160 2976 1232 3038 miti
1249 2996 1314 3038 cre-

321 3163 324 3169 !
348 3080 402 3140 dee
421 3082 483 3162 lege
504 3094 530 3142 te
551 3083 606 3143 boe
626 3081 737 3157 doceo,
762 3081 822 3143 hoe
842 3094 902 3155 est,
922 3093 957 3143 ut
975 3083 1116 3166 explanat
1135 3083 1314 3154 Ernestius,

349 3185 425 3245 mihi
446 3179 563 3261 credes,
583 3191 606 3248 si
628 3188 720 3249 modo
741 3188 863 3270 legeris3
883 3188 943 3249 hoc
962 3210 1021 3272 pro
1038 3201 1121 3250 certo
1135 3189 1213 3250 dieo.
1232 3189 1312 3250 Edd

262 3341 267 3356 ,
347 3290 436 3352 Rom.
457 3305 489 3354 et
507 3295 582 3354 Min.
604 3294 738 3371 heredem
759 3295 850 3361 Herv.
871 3305 901 3356 et
921 3294 1043 3379 Griphii
1069 3294 1146 3363 1585
1165 3295 1313 3356 Herodes.

349 3395 460 3458 Sehtitz
481 3398 640 3484 lectionem
660 3401 723 3462 fere
744 3423 763 3460 a
782 3403 892 3488 Lipsio
909 3400 969 3480 (Ν
989 3401 1087 3484 Epist.
1108 3402 1232 3480 Quaest
1255 3403 1312 3482 ΙΙ.)

347 3507 539 3566 constitutam
561 3506 692 3568 admisit:
713 3509 784 3568 nuti
801 3507 905 3581 crede,
925 3508 985 3588 lege
1003 3508 1043 3568 eir
1055 3509 1111 3568 hoc
1123 3510 1197 3584 otim
1218 3509 1311 3570 Lam-

345 3609 450 3684 binus,
469 3615 539 3673 mut
550 3613 652 3691 crede,
671 3613 810 3696 legendus
829 3628 885 3691 est3
900 3616 922 3675 l.
937 3615 989 3674 Fr.
1003 3615 1137 3676 Gronov.
1159 3618 1311 3678 maluere-

345 3716 408 3790 des,
425 3719 500 3800 leges
519 3722 590 3781 haec
612 3721 650 3782 de
670 3744 713 3784 eo.
734 3721 835 3802 Vulgo
855 3721 927 3782 milti
937 3719 1056 3796 credes,
1076 3723 1152 3804 leges
1165 3723 1239 3784 haee
1254 3724 1309 3785 do·

344 3845 411 3898 ceo,
431 3829 575 3888 nimirum
595 3850 629 3890 ex
649 3829 774 3890 Decurt.
794 3828 884 3889 Bosii.

306 3926 326 3986 5
345 3929 466 4006 Malim,
486 3933 569 4014 quod
589 3933 682 3996 habet
709 3932 755 3996 ed.
775 3933 864 3998 Rom.
882 3935 960 4050 qquin
980 3955 1018 3998 m.
1038 3957 1064 3997 e.
1080 3959 1113 4020 p.
1119 3981 1130 4010 ,
1149 3935 1180 3998 h.
1202 3959 1228 3999 e.
1255 3936 1307 4000 sed
