2932 5000
319 370 391 492 372=
681 409 951 462 tunornrtonns

317 515 338 576 8
358 515 464 587 Meos,
485 513 569 596 quod
595 512 702 575 Bosius
730 516 883 596 rescripsit
908 535 943 574 ex
963 533 1052 586 mss,
1068 514 1167 574 risum
1188 525 1235 577 est
1258 535 1323 578 non

269 627 281 643 “
357 633 474 683 rectum
494 621 649 694 Ernestio‚
672 631 702 682 et
722 623 850 682 eiectum
870 621 967 680 suita
988 618 1107 681 Schiitz.
1121 619 1322 695 Ald.,‚Herv.

267 803 270 810 Ι
357 749 421 800 eos,
441 727 524 809 quod
544 748 607 788 non
626 726 771 810 displicet
791 727 877 788 Meos
898 727 989 788 bonos
1009 728 1084 788 viros
1103 739 1203 809 potest
1219 730 1322 811 expla-

356 834 422 894 nari
453 855 550 894 nuum
566 831 767 915 praesidium,
789 843 915 915 et,quas
929 853 1028 915 ,supra
1048 832 1122 894 dixit
1144 835 1181 913 (S
1202 835 1243 916 3)
1265 856 1322 897 no·

356 951 432 1000 stras
450 941 560 1021 copias.

317 1045 385 1125 9A
410 1065 443 1105 re
470 1044 555 1128 publ.
587 1065 664 1127 quae
690 1048 722 1108 in
748 1045 860 1127 Sparta
886 1043 980 1117 latet,
1007 1055 1042 1106 ut
1074 1046 1192 1106 monuit
1221 1043 1323 1105 Erne-

357 1152 440 1212 stius.

322 1277 357 1317 ιο
377 1256 541 1340 Rescripsit
561 1257 648 1318 Grut.
675 1258 722 1340 At.
748 1256 857 1318 nmbb.
884 1256 938 1330 16,
963 1277 1016 1338 173-
1033 1256 1131 1329 Vico,
1151 1255 1219 1317 Ald.
1241 1257 1321 1338 opti-

358 1375 480 1424 uratum.

322 1487 353 1529 ιι
379 1469 433 1532 llle
453 1451 540 1560 ipse,
554 1473 607 1552 qui
627 1473 802 1532 nominatur
821 1472 854 1530 in
879 1489 927 1556 ep.
947 1468 1069 1542 XVlll,
1089 1469 1117 1530 3.
1138 1469 1227 1529 Anno
1247 1489 1323 1552 pro-

355 1563 438 1637 ximo
458 1581 613 1661 superiore
642 1576 816 1639 decesserat.
837 1575 902 1638 Nec
927 1573 1077 1659 praesidio
1101 1574 1177 1646 ullo,
1197 1595 1251 1634 nec
1271 1595 1322 1635 co-

357 1684 479 1760 mitutu3
509 1683 569 1746 hoc
594 1675 725 1746 oratorie
756 1683 870 1745 dictum
894 1685 1019 1766 accipio.
1048 1683 1125 1742 Nam
1145 1702 1181 1742 ex
1201 1680 1298 1741 tribus
1310 1725 1324 1755 ,

357 1810 434 1870 quos
454 1791 485 1850 in
505 1789 623 1852 tuendis
644 1793 836 1874 optimatium
856 1789 994 1873 partibus
1008 1789 1206 1860 consensisse,
1218 1790 1322 1847 nomi-

356 1905 411 1955 nat
430 1894 612 1958 Plutarchus
641 1899 696 1977 (in
718 1897 827 1958 Crasso
846 1918 916 1979 pag.
937 1894 1039 1976 551),
1058 1896 1097 1973 Q.
1118 1894 1259 1967 Catulus,
1279 1894 1324 1955 Μ.

357 1999 434 2061 Cato
460 2012 490 2064 et
509 2003 551 2063 M.
573 2003 694 2076 Cicero,
716 2003 792 2064 Cato
814 2001 915 2065 adhuc
942 2023 1013 2064 cum
1034 2001 1179 2062 Cicerone
1200 2021 1324 2082 supere-

312 2112 314 2118 '
357 2117 413 2167 rat.
433 2108 549 2170 Verum
571 2107 694 2190 quidem
714 2112 746 2170 in
767 2131 858 2170 cause
878 2109 978 2171 iuerat
998 2109 1088 2181 Cato,
1111 2117 1146 2168 ut
1166 2109 1281 2190 equites
1302 2129 1325 2168 a

359 2224 466 2274 senatu
485 2215 622 2297 paullum
643 2216 886 2298 diiungerentur3
913 2219 944 2277 in
965 2237 1027 2298 quo
1053 2213 1192 2276 nonnihil
1218 2213 1323 2274 damni

357 2339 483 2401 passura
502 2322 607 2384 fuisset
627 2343 673 2384 res
693 2321 794 2406 publ.;
817 2323 868 2384 sed
890 2323 921 2384 id
942 2341 1062 2395 errore,
1081 2343 1143 2382 non
1165 2320 1323 2383 voluntate

357 2429 516 2488 commisit.
1164 2431 1166 2435 ’

322 2550 357 2590 ιι
380 2532 545 2611 Quomodo
565 2537 726 2598 invideant.

321 2638 356 2698 ι3
379 2640 401 2698 Ι.
422 2661 447 2701 e.
468 2663 487 2700 a
506 2653 626 2704 senatus
646 2646 826 2706 auctoritate
845 2644 1040 2706 defendenda.
1062 2643 1183 2704 Setun.

322 2744 359 2820 14
379 2745 489 2820 Cuius,
510 2749 588 2822 scil,
608 2751 732 2832 querela
752 2762 871 2812 senatus
892 2751 1060 2812 adducatur
1080 2750 1119 2830 ad
1141 2748 1258 2810 SCtum
1279 2750 1324 2829 in·
1439 2787 1441 2790 >

357 2851 547 2928 ducendum,
567 2855 598 2917 h.
619 2878 644 2918 e.
665 2856 842 2920 tollendum.

320 2955 357 3016 15
377 2956 444 3018 Hoc
464 2958 563 3043 lepide
583 2982 646 3024 esse
666 2963 781 3024 dietum
805 2964 846 3025 ad
866 2963 1095 3061 opprimendam
1116 2961 1274 3024 levitatem
1293 2972 1323 3023 et

355 3067 637 3147 praecipitantium,
657 3090 715 3152 pro
736 3070 864 3132 solemni
882 3071 1003 3154 pedarii
1019 3073 1129 3142 ionem,
1149 3071 1213 3129 iam
1232 3079 1320 3129 nota-

355 3176 422 3226 tum
441 3169 500 3230 fuit
518 3172 558 3231 ab
578 3173 727 3237 Ernestio.
749 3177 853 3256 Quare
873 3177 952 3238 male
966 3177 1032 3238 Ald.
1052 3186 1278 3248 concurrerunt,
1290 3176 1321 3234 in

356 3292 419 3352 quo
438 3272 582 3338 festivitas
603 3279 656 3340 illa
676 3287 836 3345 evanescit.

320 3376 356 3438 16
376 3377 444 3439 Hoc
463 3391 528 3455 est,
548 3385 756 3467 improbitate:
771 3391 908 3472 opinione
927 3389 1098 3472 aequitum,
1118 3389 1224 3470 quasi,
1244 3385 1319 3470 scili-

356 3495 422 3558 cet,
443 3490 616 3569 opinionem
637 3514 807 3575 aequorum
837 3496 997 3558 hominurn
1012 3483 1135 3556 ’nacturi
1156 3504 1276 3566 essent,
1295 3494 1319 3552 si

356 3590 506 3672 Sicyoniis
526 3609 632 3659 contra
651 3579 786 3662 Atticum
806 3603 949 3664 faverent.

319 3717 354 3778 ¹7
374 3697 533 3782 Pompeii,
564 3708 616 3786 qui
651 3729 721 3769 eum
755 3712 787 3769 iu
821 3710 992 3772 consulatus
1025 3711 1171 3793 petitione
1204 3707 1319 3768 adiuvit

357 3805 369 3881 (
381 3825 428 3886 ep.
449 3807 540 3882 XXI,
562 3815 619 3893 7),
640 3817 768 3877 macula
790 3817 908 3879 Sclriitz.

321 3907 357 3969 18
379 3911 416 3970 H.
436 3933 461 3972 e.
482 3913 555 3976 huic
579 3939 646 3982 meo
673 3927 890 3985 commentario
912 3946 1018 4007 graece
1039 3927 1152 4007 scripto
1173 3935 1204 3986 te
1221 3921 1317 3983 homi·

356 4035 425 4076 nem
447 4039 553 4101 graece
573 4030 788 4110 peritissimum
809 4032 952 4097 invidere.
1144 4036 1148 4044 ’
