2882 5002
326 421 393 470 roo
679 415 847 466 rrrsrott
872 419 943 465 xxr.
1099 415 1178 469 nv.
1196 422 1224 466 c.
1241 420 1290 482 σοι
1353 395 1355 403 ’

320 521 462 619 odiosa,
492 518 588 622 quod
611 519 650 591 in
674 518 854 591 consulem
879 519 968 590 sacta
995 530 1165 618 putantur
1181 521 1225 619 ⁵⁰,
1248 523 1319 594 Ca-

320 662 403 720 tone
429 659 464 718 et
487 646 643 720 Domitio
668 645 886 744 postulante,
910 668 1035 744 unum,
1059 657 1100 716 ut
1124 645 1220 744 apud
1244 671 1319 718 ma-

319 775 480 872 gistratus
505 772 632 872 inquiri
656 770 794 870 liceret,
826 770 990 870 alterum,
1016 771 1114 842 cuius
1141 772 1236 843 domi
1263 771 1318 843 di-

317 899 448 972 visores
473 897 655 996 haberent,
673 896 837 970 adversus
855 922 929 968 rem
949 893 1129 995 publicam
1139 897 1180 967 ⁵¹.
1197 899 1318 971 Lurco

317 1038 433 1098 autem
451 1023 608 1098 tribunus
624 1015 754 1123 plebis,
771 1023 830 1124 qui
852 1022 1092 1120 magistratum
1111 1021 1214 1094 simul
1232 1050 1317 1095 cum

315 1149 390 1249 lege
415 1149 511 1222 Aelia
536 1150 614 1222 iniit
630 1151 672 1248 ⁵²,
697 1148 830 1222 solutus
856 1162 908 1221 est
933 1161 969 1220 et
993 1147 1111 1247 Aelia,
1135 1163 1171 1220 et
1195 1149 1297 1221 Fufia
1305 1206 1317 1250 ,

315 1289 355 1348 ut
378 1275 491 1374 legem
516 1275 559 1346 de
586 1275 718 1348 ambitu
743 1275 864 1373 ferret,
899 1299 1005 1374 quam
1038 1272 1096 1345 ille
1129 1273 1225 1346 bono
1253 1301 1318 1346 au-

315 1401 426 1500 spicio
444 1401 475 1453 ⁵³
503 1399 646 1473 claudus
678 1400 787 1472 homo
819 1399 1064 1499 promulgavit.
1089 1401 1144 1472 Ita
1170 1402 1316 1474 comitia

313 1527 351 1598 in
377 1541 457 1599 ante
484 1526 576 1599 diem
600 1551 640 1600 vr
666 1525 743 1600 Kal.
771 1525 862 1596 Sext.
889 1523 1112 1598 dilatarunt.
1139 1525 1234 1598 Novi
1260 1541 1317 1600 est

312 1651 350 1724 in
373 1650 449 1752 lege
474 1653 560 1754 hoc,
597 1667 658 1752 ut,
695 1653 754 1753 qui
785 1655 961 1724 nummos¹
980 1652 1018 1723 in
1042 1651 1153 1724 trihus
1170 1650 1203 1717 ⁵4
1228 1677 1316 1752 pro-

312 1779 496 1878 nuntiarit,
521 1780 550 1851 si
574 1805 647 1852 non
673 1776 826 1878 dederit,
849 1777 994 1876 impune
1012 1778 1071 1849 sit:
1089 1778 1143 1850 sin
1161 1775 1332 1878 dederit,

311 1915 368 2002 ut,
395 1904 512 2004 quoad
535 1903 647 2004 rivet,
672 1901 813 2001 singulis
838 1901 999 1976 tribubus
1015 1901 1091 1974 H-S
1110 1927 1164 1978 crs
1182 1928 1236 1976 crs
1256 1929 1315 1976 cro

313 2027 448 2102 debeat.
480 2032 582 2130 Dixi,
617 2030 710 2102 hauc
742 2027 855 2126 legem
879 2029 917 2100 Ρ.
943 2027 1106 2103 Clodium
1132 2029 1202 2104 iam
1227 2043 1314 2102 ante

311 2177 481 2229 servasse:
507 2157 732 2255 pronuntiare
758 2155 852 2226 enim
877 2151 1019 2226 solitum
1044 2179 1142 2253 esse,
1176 2167 1212 2225 et
1235 2179 1315 2226 non

312 2275 403 2350 dare.
429 2280 499 2351 Sed
522 2281 609 2382 heus
634 2294 690 2380 tu,
718 2279 862 2353 videsne
888 2278 1107 2352 consulatum
1131 2277 1230 2350 illum
1247 2305 1314 2352 no-

247 2451 249 2456 ·
310 2415 421 2474 strum
438 2406 479 2504 ⁵⁵,
505 2432 609 2508 quem
635 2406 740 2478 Curio
767 2417 847 2477 ante
872 2411 1048 2475 ἀποθέωσιν
1071 2403 1245 2505 vocabat,
1279 2407 1313 2477 si

308 2524 366 2598 hic
385 2529 417 2580 ⁵⁶
441 2529 551 2604 faetus
578 2532 657 2632 erit,
682 2529 836 2602 fabulam
861 2542 896 2602 et
920 2530 1064 2601 mimum
1090 2528 1263 2601 futurum?
1277 2531 1312 2596 ⁵⁷

309 2652 446 2753 Quare,
471 2671 510 2728 ut
535 2657 678 2757 opinor,
703 2660 928 2749 φιλοσοφητέον,
953 2654 992 2727 id
1017 2654 1114 2755 quod
1139 2668 1178 2726 tu
1204 2654 1312 2754 facis,

308 2789 344 2848 et
368 2778 453 2851 istos
479 2781 677 2854 consulatus
704 2808 775 2854 non
801 2777 905 2854 flocci
929 2780 1068 2853 faoteon
1086 2781 1126 2850 ⁵⁸.

358 2903 381 2974 8
408 2904 515 2992 Quod
541 2905 586 2976 ad
610 2932 666 2976 me
693 2905 837 3005 scribis,
870 2919 905 2977 te
939 2905 1120 2979 inias-iam
1145 2906 1310 2978 statuisse

306 3047 380 3094 non
404 3027 454 3099 ire
472 3029 521 3100 59:
548 3029 708 3131 equidem
733 3028 890 3128 mallem,
916 3042 955 3101 ut
979 3029 1068 3102 ires':
1094 3056 1134 3102 ac
1159 3055 1311 3130 vereor,

306 3151 463 3251 nequid
486 3153 524 3228 in
548 3154 615 3230 ista
641 3182 677 3230 re
703 3155 817 3228 minus
843 3154 1029 3228 commode
1054 3139 1124 3228 fiat.
1154 3154 1225 3228 sed
1251 3169 1308 3228 ta·

304 3297 485 3355 mennon
510 3257 933 3383 possum-reprehendere
960 3280 1155 3364 ,consilium
1181 3295 1309 3384 tuum,

304 3406 510 3499 praesertim
535 3435 643 3509 quum
667 3422 806 3506 egomet
830 3408 867 3482 in
892 3407 1113 3506 provinciam
1136 3431 1210 3482 non
1236 3409 1307 3482 sim

303 3528 490 3628 profectus.

253 3738 257 3746 s
352 3679 377 3752 9
402 3656 672 3756 Epigrammatis
697 3659 780 3757 tuis,
806 3683 894 3760 quae
922 3658 960 3730 in
983 3655 1169 3764 Amaltheo
1182 3659 1213 3708 ⁶⁰
1240 3685 1309 3758 po-

304 3777 418 3882 suisti,
445 3785 769 3883 contenderimus,
794 3784 999 3883 praesertim
1026 3767 1133 3886 quum
1159 3798 1196 3858 et
1220 3785 1307 3858 Chi·

302 3898 369 3974 lius
396 3933 461 3980 nos
487 3885 681 4014 reliquerit,
707 3924 742 3982 et
764 3909 909 3984 Archias
935 3909 1022 3984 nihil
1048 3911 1091 3983 de
1129 3937 1184 3986 me
1223 3917 1308 3984 sori·
