2882 5002
314 427 411 474 .110
544 366 548 380 ι
692 421 863 472 uersuum
889 427 973 472 xxn.
1115 418 1308 482 πασς,

339 527 479 626 gligenti
498 526 527 576 ¹³
552 549 627 597 esse
652 548 724 597 non
756 523 857 596 licet:
889 551 935 598 en
966 526 1004 596 in
1028 523 1157 598 sorensi
1187 525 1333 602 laboret

339 683 443 759 quem
459 666 561 726 antea
577 664 722 752 propter
738 650 966 724 ambitionem
979 651 1209 752 sustinebam,
1224 680 1319 728 nune
1328 711 1338 754 ,
1433 691 1434 694 ¹

338 799 378 858 nt
403 782 607 882 dignitatem
631 777 721 849 tueri
748 778 857 875 gratia
873 777 1023 877 possim3
1048 802 1094 848 an
1111 777 1149 848 in
1165 779 1250 878 ipsis
1269 779 1333 853 do-

338 909 489 982 mesticis
513 899 682 1011 negotiis?
707 902 743 973 in
769 901 895 1006 quihus
911 928 976 1002 ego
994 921 1103 1004 quum
1122 917 1242 1004 antea,
1259 918 1335 978 tum

338 1061 423 1109 vero
447 1045 530 1133 post
555 1030 746 1103 discessum
770 1029 898 1128 fratris,
923 1041 958 1100 te
991 1052 1236 1132 sermonesque
1269 1057 1334 1104 no-

338 1174 429 1234 stros
456 1155 624 1230 desidero.
657 1157 844 1228 Postremo
867 1180 949 1227 non
980 1151 1081 1228 labor
1111 1181 1230 1256 meus,
1262 1184 1337 1230 non

338 1285 490 1386 requies}
516 1307 587 1354 non
613 1280 811 1379 negotium,
834 1304 909 1353 nou
933 1280 1060 1380 otium3
1084 1305 1160 1354 non
1180 1281 1335 1356 forenses

337 1437 413 1496 res,
438 1434 512 1481 non
538 1407 765 1505 domesticae3
790 1431 864 1478 non
884 1404 1063 1508 publicae,
1086 1432 1160 1482 non
1175 1408 1335 1507 privatae

338 1561 455 1609 carcre
481 1534 611 1606 diutius
637 1546 699 1604 tuo
725 1532 930 1605 suavissimo
959 1547 1063 1634 atque
1095 1534 1335 1610 amantissimo

337 1660 482 1734 consilio
515 1686 556 1733 eo
588 1683 751 1732 sermone
783 1663 943 1760 possunt.
970 1658 1087 1760 Atque
1123 1659 1248 1732 harum
1281 1687 1336 1734 re-

335 1815 413 1860 rum
431 1785 802 1890 commemorationem
819 1783 1029 1858 verecundia
1055 1811 1158 1884 saepe
1183 1786 1336 1885 impedi-

334 1913 388 1987 vit
411 1913 589 2012 utriusque
613 1924 782 1988 nostrum.
807 1910 912 1985 Nunc
938 1925 1054 1984 autem
1072 1937 1111 1983 ea
1128 1911 1194 1983 fuit
1211 1938 1335 1986 neces-

334 2038 424 2111 saria
440 2050 587 2138 propter
597 2062 676 2108 eam
691 2049 829 2135 partem
846 2035 1014 2134 epistolae
1032 2048 1129 2134 tuae,
1145 2061 1209 2136 per
1226 2063 1335 2138 quam

242 2199 247 2206 ·
334 2177 369 2236 te
394 2189 435 2235 ac
459 2187 574 2236 mores
599 2177 679 2236 tuos
704 2163 792 2234 mihi
817 2175 985 2262 purgatos
1011 2188 1051 2234 ac
1068 2161 1239 2262 probatos
1257 2191 1335 2238 esse

332 2287 481 2361 voluisti.
512 2289 629 2392 Atque
661 2289 700 2360 in
729 2288 796 2360 ista
824 2287 1111 2388 incommoditate
1130 2286 1160 2354 ι4
1189 2288 1334 2363 alienati

330 2411 421 2486 illius
448 2414 554 2486 animi
578 2427 615 2486 et
639 2413 777 2513 offensi,
804 2411 893 2486 illud
917 2415 1009 2486 inest
1033 2427 1151 2486 tamen
1176 2440 1333 2488 commo-

331 2539 385 2640 di,
411 2539 508 2642 quod
531 2555 567 2613 et
591 2539 679 2620 mihi
703 2552 739 2610 et
765 2537 888 2612 ceteris
915 2539 1034 2612 amicis
1051 2541 1119 2612 tuis
1136 2553 1222 2612 nota
1246 2541 1333 2643 nir,

328 2678 365 2738 et
379 2665 452 2738 abs
477 2681 513 2748 te
538 2665 726 2768 aliquando
752 2666 937 2738 testificata
962 2679 1022 2738 tua
1048 2664 1209 2752 voluntas
1227 2668 1333 2740 omit-

327 2790 454 2868 tendae
471 2793 699 2890 ,provinciam
724 2805 783 2891 ut,
809 2790 907 2893 quod
931 2816 1000 2862 una
1025 2817 1100 2890 non
1125 2791 1225 2892 estis,
1252 2817 1332 2865 non

327 2914 541 2990 dissensione
567 2943 608 2990 ae
634 2901 778 2989 dissidio
811 2930 946 3016 vestm,
972 2916 1035 2989 sed
1067 2915 1249 2992 voluntate
1285 2945 1329 2991 ac

325 3039 456 3114 iudicio
482 3055 543 3115 tuo
576 3043 707 3114 sactum
739 3067 814 3115 esse
843 3041 1012 3116 videatur.
1046 3043 1163 3136 Quare
1188 3043 1331 3143 stilla,

324 3191 413 3266 quae
437 3166 566 3240 uiolata
587 3169 626 3266 ¹⁵,
651 3166 899 3268 expiabuntur,
922 3180 959 3240 et
974 3167 1062 3240 haec
1079 3181 1217 3269 nostra,
1234 3195 1329 3270 quae

322 3305 405 3362 sunt
433 3293 647 3367 sanctissime
664 3308 887 3392 conservata,
911 3319 1010 3368 suam
1033 3292 1237 3393 religionem
1254 3293 1325 3368 ob-

323 3415 494 3490 tinebunt.

371 3542 393 3616 3
418 3543 493 3622 Nus
517 3545 575 3620 hie
599 3547 637 3620 in
660 3573 698 3620 re
714 3543 856 3647 publice
872 3543 1027 3644 infirma,
1051 3545 1194 3646 misera,
1221 3571 1326 3618 corn-

319 3668 547 3773 mutabilique
580 3698 765 3748 versamur.
803 3669 919 3746 Credo
957 3671 1050 3744 enirn
1083 3684 1118 3742 te
1156 3669 1328 3770 audisse,

318 3807 457 3869 nostros
482 3799 614 3899 equites
631 3803 660 3850 ¹⁶
676 3824 789 3899 paene
816 3824 836 3869 a
862 3809 983 3870 senatu
1010 3823 1084 3868 esse
1102 3796 1326 3895 disiunctos3

319 3919 376 4020 qui
400 3923 552 4020 primum
568 3923 655 3998 illud
671 3924 773 4000 valde
791 3923 940 4023 graviter
956 3920 1126 4020 tulerunt,
1151 3921 1319 4021 promul·
1389 3993 1392 4000 ,
