2834 5012
219 489 223 502 ·
311 467 388 515 xxu
615 433 619 442 ’
697 459 944 510 rurrouvcmo

309 569 420 651 alteri
449 547 612 662 curent,
640 563 767 643 immo
795 579 835 644 et
864 558 1147 673 corrigendas,
1171 562 1202 640 si
1236 587 1319 672 qua

297 719 353 796 in
397 718 443 795 iis
484 740 567 794 non
608 711 789 824 placent3
830 724 880 793 ut
920 711 1100 794 Brutum
1141 724 1181 791 et
1217 711 1319 792 Cas-

311 867 416 946 sium
451 858 588 943 fecisse
632 858 815 944 videmus
858 860 1032 972 epistolis
1060 833 1318 944 DCCCXVI

313 1028 353 1096 et
380 1010 691 1096 DCCCXXIV.
733 1011 919 1111 Mirum,
959 1013 1152 1121 inquam,
1192 1008 1322 1094 videri

313 1161 457 1262 debet,
498 1161 576 1242 nisi
617 1159 649 1240 si
693 1156 906 1242 nobiseum
943 1161 1141 1242 existimes
1178 1187 1319 1242 corre-

313 1315 490 1394 ctionem
519 1306 669 1418 stylum
710 1305 922 1390 dumtaxat
942 1285 1203 1421 ¹respexisse,
1239 1334 1324 1388 non

311 1486 409 1545 vero
438 1487 499 1540 res
528 1470 568 1538 et
595 1470 841 1568 argumenta.

371 1605 651 1687 Tullianorum
685 1632 856 1717 operum
885 1603 1208 1688 distributionem
1236 1631 1322 1688 non

216 1801 218 1808 ι
318 1783 444 1837 unam
473 1783 495 1835 a
523 1753 687 1838 diversis
723 1750 943 1840 editoribus
978 1768 1170 1838 servatam
1201 1752 1325 1836 fuisse

317 1901 463 2006 video;
496 1901 596 1985 illud
627 1918 757 1984 tamen
779 1901 977 1984 omuibus
1005 1929 1247 2003 commune,
1278 1917 1327 1984 ut

317 2082 340 2135 a
378 2051 488 2135 libris
526 2051 735 2135 rhetoricis
779 2054 940 2135 initium
995 2049 1203 2153 facerent,
1237 2056 1327 2165 epi-

319 2202 426 2286 stolis
468 2205 512 2282 in
562 2204 792 2285 interiorem
840 2203 977 2285 locum
1024 2203 1190 2285 reiectis.
1241 2202 1331 2285 Nos

318 2368 459 2469 eontra
487 2351 537 2434 ab
565 2355 612 2434 iis
640 2355 802 2434 initium
852 2349 982 2434 facere
1020 2350 1211 2436 duximus
1252 2379 1328 2464 op·
1414 2365 1415 2372 '

318 2503 547 2616 portunius.
576 2503 741 2586 Praeter
769 2502 876 2584 enim
905 2529 1029 2614 quam
1057 2501 1168 2614 quod
1194 2513 1219 2552 ‘⁶
1242 2503 1331 2582 nul·

317 2651 404 2733 lum
441 2666 500 2734 est
520 2681 646 2766 genus
668 2654 876 2752 orationis,
897 2653 1015 2733 errius
1040 2677 1124 2732 non
1146 2652 1329 2764 exempla

317 2797 463 2882 habeat
491 2793 591 2884 baec
634 2831 725 2915 pars
766 2829 963 2915 operum,
1004 2799 1164 2881 nullum
1199 2828 1328 2911 prope

180 2995 182 2999 ·
320 2976 447 3059 genus
475 2977 615 3032 rerum
635 2952 676 3030 in
700 2952 781 3034 vita
804 2948 982 3070 bumana
1005 2950 1330 3050 occurrentium,

321 3093 370 3178 de
398 3125 482 3210 quo
511 3096 679 3211 quidem
707 3097 826 3181 scribi
855 3127 901 3181 ao
929 3097 1009 3180 dici
1031 3096 1193 3198 debeat,
1214 3097 1329 3210 quod

319 3251 476 3329 nonin
505 3249 681 3362 epistolis
714 3264 906 3332 mactetur
934 3261 1025 3363 epte
1047 3247 1097 3330 ad
1118 3275 1331 3361 personas3

321 3397 481 3480 nullum
523 3428 650 3514 genus
706 3404 950 3503 venustatis,
992 3396 1335 3513 pulchritudinis,

322 3547 439 3626 euius
468 3575 553 3629 non
581 3578 702 3632 sensu
733 3549 863 3634 imbui
891 3578 1030 3632 earum
1051 3550 1219 3630 lectione
1242 3573 1332 3659 pos·
1410 3635 1411 3640 Ν

322 3695 373 3776 sit
394 3698 588 3781 iuventus
609 3761 634 3802 ‚‚
656 3701 727 3812 (ι),
756 3705 808 3782 ita
838 3704 1011 3814 epistolis
1032 3703 1156 3785 vitam
1186 3714 1331 3780 aueto-

362 3961 405 4040 (Ἰ)
426 3961 582 4026 Ernestius
608 3968 639 4026 in
660 3967 784 4050 praefat.
806 3966 843 4027 ad
866 3968 950 4050 epist.
973 3965 1011 4025 ad
1031 3966 1100 4026 Dit.
