2834 5012
472 445 717 501 turnonvcrto
1038 447 1102 499 xxt‘
1177 447 1179 462 ¹

93 551 132 634 in
163 554 299 634 lucem
338 549 400 630 edi
430 555 654 652 curaverit,
694 565 741 630 ut
770 550 942 662 aliquam
973 580 1022 634 ex
1051 557 1097 634 iis
1200 611 1203 618 ,

94 703 301 828 gloriplam
343 715 646 814 aucuparetur3
695 701 812 781 cuius
856 703 1098 782 accusationi

92 836 176 967 ipse
207 853 352 934 Cicero
388 851 637 931 occasionem
672 845 822 928 dedisse
844 846 1004 933 videtur
1025 851 1096 962 (Ι),

90 1029 222 1114 quum
251 1029 315 1080 eas
344 1000 453 1080 alteri
478 995 756 1094 describendas
781 991 995 1080 tradiderit.
1019 997 1096 1080 Sed

88 1147 314 1264 optandum
344 1145 459 1229 nobis
487 1162 610 1246 esset,
638 1161 686 1227 nt
715 1161 754 1226 et
782 1147 867 1228 eius
895 1148 1033 1245 amici,
1056 1162 1095 1228 et.

90 1301 151 1380 alii
181 1324 346 1410 quoque
375 1267 557 1380 veterum
583 1296 750 1407 gloriam
779 1325 892 1376 suam
920 1295 1092 1379 editione

90 1427 286 1558 librorum
315 1445 601 1556 quaesivissent
622 1444 779 1556 potius,
801 1474 924 1554 quam
944 1448 1007 1530 vel
1037 1475 1102 1528 ar·-

92 1597 163 1677 mis
176 1609 198 1696 ‚'
219 1593 283 1677 vel
312 1590 476 1674 libidine
495 1589 749 1674 dominandi.

140 1744 345 1856 Epistulae
374 1739 424 1821 ad
452 1741 636 1823 Atticum
667 1741 768 1823 nihil
801 1748 966 1826 omnino
997 1749 1090 1829 artis

88 1893 263 1991 habent,
305 1889 373 1972 sed
412 1918 459 1973 eo
501 1894 670 2005 scriptae
712 1909 808 1974 sunt
854 1894 966 1996 stilo,
1008 1925 1091 2009 quo

90 2040 194 2154 apud
225 2069 265 2122 se
293 2041 439 2122 Cicero
476 2039 688 2140 utebatur,
730 2044 857 2155 iisque
894 2049 1093 2128 commisit

92 2187 288 2303 quidquid
317 2191 361 2270 in
403 2188 576 2271 buccam
613 2189 823 2294 veniebat3
864 2219 966 2305 quae
995 2223 1104 2279 vero-

91 2341 227 2422 missae
256 2353 353 2420 sunt
380 2337 430 2419 ad
460 2339 555 2421 alios
576 2337 784 2422 lectissima
809 2341 1013 2424 interdum
1034 2373 1092 2425 ar·

93 2501 281 2598 gumenta
310 2484 480 2588 habent,
502 2486 720 2571 verborum
742 2505 781 2569 et
803 2493 1091 2572 sententiarum

94 2636 300 2750 splendore
343 2637 540 2719 distincta.
583 2636 751 2748 Aliquae
794 2653 890 2718 sunt
930 2637 1095 2751 publice

92 2790 282 2900 scriptae,
317 2784 359 2867 id
401 2801 460 2866 est
501 2784 551 2867 ad
580 2801 782 2887 senatum,
812 2785 863 2868 ad
891 2788 1090 2887 consules,

94 2933 141 3016 ad
167 2951 391 3049 praetores,
420 2934 470 3015 ad
491 2937 716 3050 populum3
745 2939 787 3017 in
815 2935 965 3049 quibus
994 2966 1090 3050 pro-

90 3085 315 3166 vinciarum
344 3099 515 3166 rectores
544 3084 799 3198 perscribunt
832 3114 896 3189 οε,
917 3115 1020 3197 quae
1047 3089 1090 3166 in
1225 3153 1229 3164 .

90 3235 258 3346 imperio
279 3261 354 3316 suo
376 3237 529 3346 egerint
550 3234 720 3316 tuendae
741 3237 970 3348 provinciae
989 3263 1094 3316 cau·-

86 3409 141 3464 sa:
172 3383 218 3462 in
243 3412 327 3494 quo
354 3382 453 3464 illud
474 3385 624 3465 mirum
646 3382 835 3466 omnibus
863 3382 989 3468 videri
1002 3447 1004 3452 .
1018 3382 1107 3464 de·-

85 3527 173 3630 bet,
205 3523 340 3642 quod,
378 3537 450 3644 qui
480 3532 688 3636 scribunt,
722 3563 785 3616 eas
813 3530 1089 3646 praelegendas

125 3859 167 3938 (t)
190 3849 248 3942 Ep.
270 3857 489 3936 cccxxxu,
514 3877 539 3924 ι.
