2886 5000
302 362 369 439 168
649 381 820 432 arrsrom
845 384 938 434 xxix.
1072 382 1103 434 Α.
1120 387 1154 436 v.
1171 385 1198 434 c.
1217 385 1266 446 69³

293 488 385 566 licile
415 511 488 562 non
516 486 667 585 graviter
696 485 735 559 id
767 485 875 562 serre:
906 483 970 560 sed
1002 498 1119 560 tamen
1150 501 1291 562 nostros

294 617 449 716 animos,
472 613 630 688 maximis
654 613 693 690 in
717 611 821 688 rebus
837 627 874 688 et
891 611 1051 712 gerendis
1067 626 1104 686 et
1120 615 1294 714 sustinen-

293 743 349 818 dis
373 743 594 839 exercitatos,
614 739 726 839 frangi
757 753 794 812 et
826 738 1000 813 debilitari
1031 739 1193 814 molestia
1218 764 1294 814 non

291 881 443 970 oportet.
468 868 517 940 Et
541 866 708 970 quoniam
732 889 772 938 ea
798 863 1043 939 molestissime
1066 863 1157 938 ferre
1180 864 1299 958 homi·

292 1018 355 1068 nes
381 991 528 1092 debent,
554 977 643 1094 quae
667 991 825 1092 ipsorum
850 988 954 1092 culpa
984 1000 1165 1064 contracta
1191 1004 1295 1090 sunt,

292 1133 347 1194 est
371 1118 540 1221 quiddam
564 1119 602 1190 in
625 1117 693 1192 hac
717 1143 755 1192 re
780 1116 868 1192 mihi
891 1114 1073 1190 molestius
1094 1114 1296 1216 ferendum,

293 1271 400 1349 quam
424 1244 498 1320 tibi.
523 1244 674 1318 Factum
698 1257 753 1317 est
776 1244 871 1316 enim
894 1267 973 1316 mea
1000 1240 1123 1344 culpa,
1148 1255 1297 1341 contra,

294 1397 402 1474 quam
437 1385 478 1444 tu
509 1396 649 1444 mecum
681 1384 718 1443 et
748 1370 976 1471 proficiscens
1014 1381 1052 1441 et
1082 1393 1147 1468 per
1177 1366 1309 1440 literas.

293 1523 432 1599 egeras,
455 1511 497 1571 ut
519 1497 636 1599 priore
669 1521 762 1570 auno
794 1519 868 1574 nou
899 1493 1153 1568 succederetur.
1186 1491 1297 1586 Quod

291 1649 375 1724 ego,
388 1622 392 1630 ’
407 1623 493 1698 dum
524 1624 698 1697 sociorum
731 1620 834 1696 saluti
866 1619 1039 1722 consulo,
1061 1617 1147 1694 dum
1178 1620 1297 1720 impu*

292 1744 432 1824 dentiae
456 1747 706 1824 nonnullorum
730 1746 1021 1846 negotiatorum⁵
1046 1745 1185 1845 resisto,
1209 1744 1298 1819 dum

294 1889 453 1950 nostram
478 1875 623 1974 gloriam
654 1887 715 1947 tua
739 1875 868 1948 virtute
900 1873 1019 1972 augeri
1055 1883 1198 1972 expeto,
1228 1871 1298 1944 laci

293 2026 367 2076 non
392 2002 583 2102 sapienter:
609 2000 814 2102 praesertim
839 2025 948 2100 quum
964 1998 1002 2073 id
1020 1997 1256 2072 commiserim
1269 1998 1299 2096 ⁶,

292 2141 335 2202 ut
350 2127 407 2202 ille
433 2127 520 2202 alter
544 2153 656 2201 annus
681 2126 787 2200 etiam
812 2126 954 2199 tertium
971 2138 1092 2226 posset
1108 2123 1296 2198 adducere.

345 2281 367 2328 2
393 2251 502 2347 Quod
523 2254 692 2356 ¹quoniam
717 2266 904 2354 peccatum
927 2276 1047 2324 meum
1080 2275 1155 2323 esse
1189 2251 1299 2324 confi·
1429 2241 1430 2244 ¹

261 2381 264 2388 “
294 2383 386 2479 teor,
411 2393 465 2452 est
488 2380 680 2481 sapientiae
706 2392 811 2480 atque
829 2377 1058 2450 humanitatis
1076 2390 1156 2449 tuae
1174 2400 1298 2450 curare

188 2573 199 2594 .,
294 2517 331 2578 et
354 2487 543 2608 perlicere,
566 2519 607 2579 ut
630 2505 701 2580 hoc
725 2505 842 2578 minus
867 2504 1044 2606 sapienter
1067 2528 1089 2575 a
1120 2527 1178 2577 me
1210 2526 1299 2603 pro·

294 2631 424 2730 visum,
441 2630 619 2732 diligentia
634 2646 695 2706 tua
713 2632 914 2738 corrigatur.
931 2630 985 2704 Ac
1001 2629 1031 2704 si
1047 2643 1082 2702 te
1099 2630 1176 2730 ipse
1192 2627 1299 2706 vehe-

295 2759 447 2832 mentius
463 2759 511 2834 ad
527 2785 649 2834 omnes
665 2772 784 2860 partes
799 2757 891 2830 bene
903 2754 1102 2830 audiendi?
1120 2755 1298 2854 excitaris3

234 2870 237 2875 ¹
295 2906 369 2957 non
393 2896 434 2956 ut
458 2911 537 2958 cum
563 2885 656 2983 aliis,
680 2883 743 2958 sed
766 2897 808 2958 ut
825 2897 940 2958 tecum
956 2883 1028 2956 iam
1044 2882 1152 2984 ipso⁸
1170 2894 1297 2979 certes,

295 3007 326 3079 si
350 3031 492 3082 omnem
523 3023 621 3084 tuam
651 3023 824 3109 mentem,
855 3035 992 3108 curam,
1024 3008 1296 3108 cogitationem,

295 3132 343 3207 ad
361 3134 587 3222 excellentem
604 3135 766 3210 omnibus
790 3137 827 3209 in
853 3135 957 3212 rebus
981 3134 1095 3209 laudis
1121 3112 1296 3236 cupidita·

295 3251 402 3332 tems
426 3261 596 3362 incitaris:
621 3263 708 3337 mihi
733 3247 854 3363 crede,
883 3287 973 3336 ultus
1006 3285 1118 3335 annus
1152 3258 1294 3334 additus

293 3367 408 3463 labori
438 3403 517 3490 tuo,
539 3385 738 3467 'multorum
770 3414 947 3465 annorum
975 3388 1144 3464 laetitiam
1175 3386 1294 3484 nohis,

295 3512 440 3612 gloriam
465 3543 550 3596 vero
576 3520 681 3594 etiam
697 3518 847 3618 posteris
861 3535 889 3569 ¹⁰
910 3516 1036 3622 nostris
1055 3515 1183 3590 afferet.
1201 3515 1293 3607 Qua·

294 3655 442 3742 propter
466 3643 534 3718 hoc
559 3659 594 3719 te
619 3647 773 3746 primum
804 3671 920 3744 rogo,
939 3670 984 3718 ne
1017 3641 1223 3741 contrahas,
1254 3665 1294 3722 ‚ac

296 3765 459 3844 demittas
479 3787 507 3822 ¹¹
535 3772 707 3872 animum,
725 3800 814 3849 neve
831 3787 865 3846 te
884 3771 1005 3870 obrui,
1029 3785 1210 3872 tamquam
1233 3765 1293 3840 flu·

297 3907 373 3995 ctu,
400 3896 449 3972 sic
475 3899 715 3998 magnitudine
740 3901 871 3999 negotii
888 3901 996 3976 sinas:
1023 3911 1214 3997 contraque
1232 3893 1294 3966 eri·
