2932 5000
303 387 375 462 386
538 435 543 448 .
665 407 935 458 arnortrtoues

340 513 518 593 negligeret,
538 520 573 568 ut
592 509 732 592 explanat
744 510 917 581 Ernestius,
937 520 967 570 et
980 530 1015 570 eo
1029 509 1136 582 modo,
1151 531 1213 592 quo
1230 533 1313 594 pos-

340 630 385 678 set
410 619 516 689 etiam,
536 619 560 676 si
585 636 647 675 non
673 629 749 676 esset
768 617 900 698 legatus,
921 626 1082 698 quaestor,
1102 626 1133 676 et
1155 619 1188 676 in
1207 618 1310 679 rebus

340 725 483 807 privatis,
501 742 564 782 non
584 721 724 803 publicis.

301 832 340 908 ab
360 831 410 890 Sic
428 840 499 913 post
518 830 691 890 Ernestium
712 849 817 890 omnes
838 829 901 890 fere
921 831 1115 901 recentiores,
1135 840 1165 891 et
1184 829 1310 892 habent

340 936 428 998 Amb.
454 935 489 996 16
508 958 527 996 a
548 957 566 995 a
587 957 695 1008 manu,
716 933 783 996 edd.
804 936 892 996 Rom.
913 947 943 996 et
963 935 1043 998 Vict.
1064 934 1122 996 Atii
1148 935 1228 998 male
1259 952 1310 998 est

339 1063 368 1103 a.
388 1043 459 1102 Mox
480 1041 586 1102 Lamb.
607 1041 650 1102 ad
668 1054 822 1124 quaestum
839 1043 1017 1102 abuteretur.

301 1147 339 1210 25
360 1149 448 1209 Amb.
472 1169 576 1209 omnes
604 1159 635 1209 et
660 1148 727 1210 edd.
755 1159 826 1209 vett.
852 1149 1003 1210 britatem.
1024 1147 1066 1210 Et
1097 1147 1141 1232 ad
1165 1148 1312 1210 ambitio-

340 1275 406 1315 nem
436 1253 530 1314 habet
549 1253 595 1314 ed.
616 1254 704 1314 Rom.
729 1266 760 1315 et
784 1264 985 1337 reposuerunt
1016 1253 1181 1315 Lambinus
1208 1254 1309 1326 Ern.,

341 1361 362 1419 l.
383 1361 419 1420 F.
444 1361 539 1421 Gron.
565 1369 595 1421 et
620 1359 689 1420 sch.
712 1381 729 1420 e
756 1360 823 1420 cod.
849 1361 967 1422 Balliol
994 1361 1097 1442 Vulgo
1116 1359 1222 1420 aberat
1250 1359 1310 1420 ad.

340 1465 394 1526 Aa
404 1468 589 1528 ambitionem
602 1469 782 1540 incumbere,
803 1468 944 1528 translate
969 1469 1083 1530 dictum
1107 1488 1166 1550 pro
1187 1445 1311 1548 ¹uerge-

339 1595 390 1645 re,
418 1573 562 1634 inclinare
588 1574 627 1634 ad
653 1573 858 1636 ambitionem.
883 1575 1013 1659 Proprie
1040 1587 1085 1644 est
1111 1573 1186 1636 illud
1210 1574 1311 1654 Virg.

339 1681 410 1739 Aen.
431 1681 524 1755 Vlll,
544 1679 618 1741 236:

432 1836 501 1888 Siler
518 1856 599 1908 prona
618 1839 677 1906 iugo
694 1840 796 1891 laevum
814 1835 980 1891 incumbebat
997 1839 1029 1890 ad
1046 1855 1157 1891 amnem.

299 1991 338 2053 26
356 1993 510 2055 Manutius
535 2006 566 2056 et
584 1997 691 2058 bamb.
717 2001 944 2071 convictoribus,
971 2002 1024 2081 qui
1051 2009 1153 2059 tamen
1178 2008 1207 2058 et
1237 2020 1311 2082 seq.

337 2101 585 2181 apparitionibus,
604 2115 640 2164 ut
669 2105 726 2165 sibi
757 2117 952 2177 constarent,
981 2117 1099 2167 mutare
1125 2103 1310 2166 debuissent

263 2289 275 2306 ἣ
335 2207 368 2264 in
397 2211 621 2289 apparitoribus.
649 2211 727 2272 Edd.
750 2213 826 2274 lens.
854 2225 884 2274 et
902 2213 970 2273 Ald.
991 2234 1097 2274 revera
1125 2212 1309 2272 σοιινίειονὶ-

337 2311 391 2370 bus
404 2357 411 2373 .
425 2358 431 2372 .
444 2358 451 2374 .
463 2359 470 2374 .
483 2319 708 2397 apparitoribus.
730 2318 841 2380 Ambb.
862 2319 949 2380 codd.
970 2331 1001 2380 et
1014 2319 1081 2380 edd.
1095 2318 1212 2400 aliquot
1229 2338 1311 2378 core-

336 2419 536 2484 iunctioribus.

298 2543 335 2604 ²7
357 2525 512 2590 Ernestius
531 2530 659 2614 putabat
680 2533 822 2594 excidisse
846 2535 1021 2617 provinciae.
1040 2532 1130 2595 amu
1155 2531 1191 2592 16
1216 2531 1311 2593 radis

337 2651 403 2691 cum
423 2647 504 2696 esset.

282 2735 336 2812 ⁸28
356 2737 492 2800 Fabrnus
506 2752 535 2802 et
547 2743 689 2817 Vrsinus,
703 2746 851 2828 probante
864 2748 1047 2830 Malaspina,
1061 2745 1214 2808 malebant
1228 2765 1308 2805 eau-

337 2843 441 2904 tioaem
460 2849 547 2908 etiam
566 2849 632 2923 dit,
654 2856 791 2934 proxime
812 2855 905 2915 Herv.
924 2856 1089 2927 mononem
1108 2853 1195 2913 ettam
1207 2874 1247 2913 ac
1266 2853 1306 2913 d·

297 2965 337 3028 29
357 2949 428 3026 Quo
453 2953 587 3027 decreta,
613 2968 643 3017 et
668 2969 735 3018 acta
757 2970 856 3020 cetera
876 2959 1024 3042 obsignas.
1045 2961 1092 3020 De
1112 2957 1232 3019 annulis
1253 2961 1303 3020 si-

335 3060 479 3134 gnatoriis
493 3060 553 3121 vid.
567 3063 734 3145 Georgium
749 3067 907 3148 Longum,
918 3066 990 3126 bbr.
1006 3065 1186 3137 Gorlaeum,
1198 3065 1302 3125 Henr.

335 3158 497 3224 Ritsesium
524 3170 909 3233 etloa.Ki1·chmannum.
938 3173 1002 3233 Vas
1021 3169 1156 3254 aliquod,
1180 3173 1302 3231 instru-

336 3277 471 3327 mentum
493 3271 629 3355 aliquod,
650 3278 733 3358 quod
752 3280 792 3340 ad
812 3301 919 3340 manus
940 3282 1156 3360 cuiuscumque
1177 3280 1303 3353 veniat;

336 3370 458 3434 Graecis
479 3392 579 3452 σκεῦος.
601 3382 796 3447 Robortellus
817 3385 987 3466 corrigebat
1007 3406 1058 3445 aas
1070 3385 1192 3468 aliqui,
1205 3384 1302 3465 *quod

336 3476 524 3562 Verburgius
545 3497 575 3546 et
595 3489 671 3548 Lall.
692 3511 841 3574 recepere.
862 3493 924 3553 Eos
944 3494 1062 3553 notavit
1080 3491 1247 3552 Ernestius.

297 3583 335 3642 3ο
357 3583 399 3643 ld.
420 3607 445 3646 e.
465 3589 639 3657 deferebant
658 3595 949 3671 officinm-accensi,
968 3619 1032 3658 non
1051 3607 1181 3669 temere,
1201 3595 1303 3676 idque

334 3693 463 3765 nemini,
482 3698 538 3756 nisi
559 3699 673 3762 libertis
694 3684 771 3777 suis,
790 3707 821 3764 in
841 3707 941 3765 locum
963 3703 1075 3773 laboris
1094 3724 1131 3764 ac
1150 3702 1300 3762 muneris.

297 3793 329 3851 31
355 3795 434 3857 Nihil
454 3821 531 3883 opus
545 3816 589 3865 est
603 3789 704 3869 Vistni
726 3815 911 3872 correctione
931 3833 990 3872 non
1009 3809 1222 3881 suaeseritiaas
1240 3804 1305 3866 ⁸⁶⁶3

336 3913 403 3964 tuae
424 3906 568 3982 lenitatis,
588 3916 642 3974 etsi
656 3937 692 3976 ea
706 3917 809 4002 Lipsio
830 3919 960 4001 placuit,
979 3917 1074 3980 Elect.
1095 3917 1124 3995 l,
1145 3917 1191 3976 32.
1212 3912 1300 3976 vut-
