2834 5012
680 427 847 480 carerem
872 427 954 480 vur.
1103 427 1290 498 uersas
1405 477 1406 512 ,

500 632 552 688 Ser.
571 631 664 684 Romae
681 631 713 684 Δ.
732 630 765 682 V.
783 630 814 683 C.
832 627 1007 684 octxxxw
1025 597 1153 684 exeunte.¹

632 825 776 895 CICERO
800 825 950 898 ATTICO
976 825 1007 889 8.

379 1065 391 1109 1
421 1036 546 1111 Aviam
578 1047 676 1108 tuam
706 987 796 1104 seito
833 1028 1007 1138 desiderio
1032 1031 1114 1102 tui¹
1143 1043 1318 1104 mortuam
1405 1047 1406 1082 ἒ

317 1187 416 1262 esse,
440 1153 476 1234 et
501 1158 619 1260 simul,
657 1157 755 1260 quod
791 1156 902 1262 verita
941 1155 1005 1256 sit,
1038 1182 1083 1229 ne
1112 1137 1293 1230 Latinae
1284 1183 1318 1230 1n
1405 1169 1406 1178 ’

323 1288 440 1362 officio
475 1312 549 1360 non
580 1297 782 1383 manerent,
813 1296 861 1356 et
882 1284 944 1354 in
956 1296 1113 1358 montem
1145 1281 1320 1356 Albanum
1405 1335 1406 1340 ,

323 1413 467 1487 hostias*
480 1438 555 1486 non
580 1411 803 1484 adducerent.
826 1407 924 1488 Eius
938 1408 988 1480 rei
1012 1407 1319 1496 consolationem²

273 1622 275 1631 Α
325 1538 372 1611 ad
396 1539 495 1610 teL'.
521 1536 907 1628 Saufeium-missurum
934 1559 1008 1606 esse
1034 1532 1191 1609 arbitror.

264 1662 268 1677 '
378 1691 400 1738 2
426 1663 500 1738 Nos
515 1663 583 1738 ,hic
608 1676 643 1734 te
669 1661 715 1734 ad
733 1683 894 1733 mensem
917 1661 1116 1734 Ianuarium
1141 1674 1321 1759 exspecta·

323 1813 422 1887 mus,
448 1791 490 1860 ex
516 1787 670 1888 quodam
694 1811 854 1884 rumore,
886 1811 931 1858 au
969 1809 1012 1858 cx
1043 1785 1151 1858 literis
1180 1788 1251 1858 tuis
1278 1785 1321 1860 ad

325 1913 410 1986 alios
436 1912 570 1986 missisl
595 1913 685 1986 Nam
712 1912 838 1985 adme
865 1909 909 1982 dc
934 1936 976 1985 eo
1002 1909 1089 1983 nihil
1114 1912 1294 2011 scripsisti.

374 2039 396 2113 3
423 2039 543 2138 Signa,
569 2037 784 2138 quae'nobis
811 2037 955 2135 curasti,
980 2061 1021 2108 ea
1046 2050 1129 2110 sunt
1154 2036 1200 2108 ad
1226 2039 1321 2110 Caie-

323 2176 397 2242 tam
421 2165 587 2262 exposita.
613 2161 686 2238 Nos
712 2175 752 2234 ea
777 2187 851 2234 non
877 2161 1036 2235 vidimus.
1072 2161 1201 2262 Neque
1228 2165 1320 2236 enim

323 2288 473 2360 exeundi
499 2291 610 2362 Roma
647 2302 802 2387 potestas
835 2287 937 2360 nobis
969 2287 1043 2358 fuit.
1079 2288 1236 2360 Misimus
1263 2290 1321 2390 qui

323 2440 391 2514 pro
416 2429 559 2488 vectura
584 2413 743 2487 solveret.
762 2415 814 2486 Te
838 2411 988 2484 multum
1013 2437 1168 2484 amamus
1181 2415 1206 2512 ³,
1225 2413 1321 2516 quod
1405 2493 1406 2498 .

323 2567 364 2613 ea
390 2537 512 2613 abste
539 2539 737 2639 diligenter,
762 2564 940 2640 parvoque
967 2517 1085 2611 curata
1112 2551 1201 2610 sunt.

373 2667 396 2760 4
423 2665 529 2758 Quod
555 2666 600 2739 ad
624 2693 681 2738 me
698 2691 802 2766 saepe
819 2663 989 2764 scripsisti
1006 2663 1050 2737 de
1068 2647 1194 2764 nostro,
1207 2665 1323 2738 amico

239 2883 243 2892 .
323 2791 500 2892 placando
514 2790 542 2892 l,
567 2792 647 2890 feci,
664 2805 700 2864 et
720 2805 884 2892 expertus
909 2816 987 2865 sum
1011 2791 1128 2862 omnia
1135 2816 1145 2888 5
1169 2789 1233 2874 sed
1258 2790 1323 2862 mi-

324 2916 474 2988 randum
499 2917 536 3013 in
560 2916 707 2988 modum
740 2930 795 2989 est
828 2917 945 2988 animo
971 2913 1168 2988 abalienato
1186 2917 1219 3013 ⁵3
1245 2917 1322 3016 qui-

300 3038 390 3110 ‘bus
416 3038 459 3113 de
496 3027 777 3139 suspicionibus,
813 3041 878 3112 etsi
914 3039 1049 3114 audisse
1087 3053 1122 3112 te
1149 3039 1323 3139 arbitror,

321 3177 440 3236 tamen
465 3188 508 3236 ex
532 3190 588 3238 me
600 3218 611 3263 ,
643 3191 750 3266 quum
783 3165 940 3263 veneris,
975 3189 1174 3262 cognosces.
1210 3163 1323 3250 Sallu·

321 3289 425 3361 stium
452 3304 670 3388 praesentem
694 3291 875 3363 restituere
900 3290 937 3362 in
965 3292 1038 3363 eius
1065 3303 1220 3363 veterem
1247 3317 1323 3388 gra-

320 3414 408 3506 tiam
431 3439 504 3488 non
527 3417 637 3514 potui.
662 3416 742 3489 Hoc
766 3415 813 3502 ad
837 3430 873 3496 tc
898 3416 1040 3514 scripsi,
1073 3415 1170 3516 quod
1205 3416 1235 3487 is
1261 3441 1320 3488 me

320 3564 483 3613 accusare
508 3539 552 3612 de
585 3551 621 3612 te
654 3539 788 3614 solebat
805 3543 829 3613 ⁶.
866 3541 913 3614 At
949 3540 1049 3613 inse
1075 3553 1239 3639 expertus
1265 3555 1320 3613 est

318 3662 428 3736 illum
443 3691 516 3738 esse
540 3667 654 3740 minus
679 3667 908 3767 exorabilem,
926 3692 1044 3742 meum
1069 3667 1228 3742 studium
1252 3693 1319 3742 nee

318 3788 384 3861 tibi
410 3787 565 3865 delirisse.

370 3913 392 3987 5
418 3915 659 3995 TulliolamC.
676 3919 850 3994 PisobiL.
868 3918 908 3990 F
926 3915 1033 4017 Frugi
1052 3839 1316 4020 despondimus.
