2882 5002
330 384 399 477 146
673 399 842 451 arrsrocr
865 403 961 452 xxva.
1100 399 1133 450 a.
1147 403 1182 453 v.
1200 404 1229 451 c.
1245 401 1296 465 ⁶9³

325 507 487 607 gnificas,
513 501 661 578 strictim
687 504 876 602 attigistis,
892 516 975 602 post
998 513 1134 603 autem,
1158 516 1200 576 ut
1231 502 1323 577 arbi-
1375 539 1379 544 ·

324 647 421 718 tror,
456 658 476 704 a
504 631 664 706 Cossinio
699 609 888 730 accepisti,
919 655 1024 732 quem
1055 629 1120 702 tibi
1151 658 1217 730 ego
1248 657 1325 726 non

324 783 435 830 essem
460 783 563 830 ausus
587 757 742 856 mittere,
766 756 833 828 nisi
858 781 939 830 eum
963 754 1057 830 lente
1082 783 1123 830 ac
1142 757 1321 832 fastidiose

323 882 589 982 probavissem
610 883 835 984 Quamquam
871 879 918 954 ad
948 907 1005 954 me
1037 882 1216 982 rescripsit
1249 883 1322 954 iem

321 1007 447 1083 Rhodo
459 1006 686 1108 Posidonius,
702 1033 749 1107 se,
765 1021 927 1082 nostrum
938 1005 1026 1081 illud
1039 1008 1199 1101 ὑπόμνημα
1212 1034 1323 1109 quum

321 1129 468 1232 legeret,
493 1133 588 1234 quod
612 1158 677 1231 ego
702 1133 749 1206 ad
773 1157 871 1231 eum,
895 1146 936 1205 ut
951 1133 1107 1206 ornatius
1132 1132 1177 1207 de
1192 1131 1322 1205 iisdem

322 1255 426 1330 rebus
450 1257 635 1346 scriberet,
659 1259 838 1357 miseram,
862 1283 936 1331 non
960 1255 1068 1332 modo
1094 1282 1170 1332 non
1194 1235 1328 1330 excita-²

322 1394 398 1455 tum
423 1383 530 1454 esse⁸
555 1379 601 1455 ad
625 1379 866 1481 scribendum,
890 1381 954 1454 sed
979 1383 1084 1455 etiam
1108 1380 1214 1482 plane
1237 1407 1321 1481 per-

322 1505 489 1578 territum.
515 1505 612 1600 Quid
639 1505 794 1608 quaeris?
819 1505 1027 1580 conturbavi
1047 1505 1228 1600 ¹Graecam
1256 1529 1341 1578 nar

322 1632 462 1705 tionem.
487 1633 542 1706 Ita
565 1631 670 1732 vulgo
697 1632 756 1735 qui
789 1631 982 1731 instabant,
1006 1646 1047 1705 ut
1079 1609 1200 1705 darem
1231 1629 1322 1729 sibi,

322 1756 420 1857 quod
443 1771 624 1857 ornarent,
648 1757 718 1830 iam
742 1755 905 1834 exhibere
929 1755 1015 1828 milri
1038 1753 1236 1831 molestiam
1256 1753 1321 1826 de-

216 1855 219 1878 ⁴
321 1882 493 1957 stiterunt
518 1883 592 1981 Tu,
607 1883 636 1955 si
653 1882 718 1955 tibi
735 1880 906 1982 placuerit
921 1879 1026 1979 liber,
1051 1878 1205 1978 curabis,
1222 1890 1264 1951 ut
1286 1893 1325 1955 et

320 2007 466 2086 Athenis
484 2008 543 2107 sit,
567 2008 656 2080 etin
672 2007 795 2080 ceteris
812 2006 954 2108 oppidis
972 2005 1148 2079 Graeciae.
1166 2003 1323 2081 Videtur

321 2131 414 2204 enim
430 2159 542 2230 posse
568 2131 699 2233 aliquid
722 2132 852 2206 nostris
877 2131 981 2204 rebus
1006 2129 1092 2203 lucis
1118 2129 1251 2204 afferre.

372 2286 393 2334 a
421 2257 663 2336 Oratiunculas
682 2272 817 2356 autem,
842 2271 878 2330 et
894 2271 980 2358 quas
997 2254 1172 2356 postulas,
1189 2267 1224 2326 et
1245 2251 1324 2354 plu-

319 2408 374 2460 res
400 2375 682 2483 etiam‘mittam3
707 2385 873 2485 quoniam
898 2381 1040 2484 quidem
1062 2407 1119 2481 ea,
1145 2405 1235 2483 quae
1253 2405 1321 2454 nos

319 2508 516 2608 scribimus,
544 2508 881 2587 adolescentulorum
915 2507 1039 2580 studiis
1072 2506 1211 2580 excitati
1231 2523 1259 2604 9,
1284 2519 1321 2578 te

318 2633 423 2712 etiam
441 2634 624 2715 delectant.
646 2636 730 2712 Fuit
748 2635 842 2707 enim
858 2633 945 2708 mihi
963 2631 1205 2729 commodum,
1222 2630 1323 2732 quod

317 2758 354 2836 in
379 2761 428 2839 eis
452 2761 687 2862 orationibus,
711 2786 800 2863 quae
825 2758 1054 2861 Philippicae
1070 2758 1320 2856 nominantur,

317 2883 489 2962 enituerat
514 2886 598 2964 civis
623 2883 681 2964 ille
706 2899 807 2984 tuus,
829 2883 1083 2957 Demosthenes
1103 2897 1142 2982 ¹⁰,
1168 2893 1204 2953 et
1222 2879 1324 2982 quod

316 3023 354 3076 se
380 2998 424 3074 ab
445 2999 518 3080 boc
535 3001 771 3078 refractariolo
788 3017 820 3092 ,Π
846 2998 1000 3077 iudiciali
1026 2997 1167 3072 dicendi
1192 3021 1322 3095 genere

316 3119 537 3228 abiunxerat,
561 3141 602 3208 ut
626 3133 802 3224 σεμνότερός
819 3155 863 3205 τις
874 3177 885 3221 ,
909 3127 959 3196 καὶ
977 3127 1199 3219 πολιτικώτερος
1218 3122 1322 3196 vide-

202 3235 205 3251 *
315 3259 427 3349 retur,
451 3275 588 3352 curare,
611 3267 653 3326 ut
676 3278 774 3328 meae
799 3276 939 3354 quoque
973 3262 1089 3322 essent
1122 3248 1326 3345 orationes,

315 3397 404 3471 quae
428 3379 637 3452 consulares
669 3377 942 3456 nominarentur.
974 3375 1134 3467 Quarum
1165 3399 1236 3446 una
1262 3386 1324 3448 est

313 3493 351 3566 in
376 3489 498 3576 senatu
524 3503 602 3584 Kal,
627 3501 796 3580 Ianuariis
815 3516 862 3600 ¹²3
888 3499 994 3576 altera
1015 3499 1062 3572 ad
1077 3497 1252 3598 populum
1270 3497 1322 3570 de

287 3617 388 3725 „lege
415 3627 564 3728 agraria,
588 3629 690 3704 tertia
717 3627 761 3704 de
788 3625 948 3724 Othone,
973 3637 1099 3725 quarta
1124 3649 1190 3730 pro
1210 3621 1324 3696 Rabi-

312 3745 388 3846 1i03
414 3753 535 3851 quinta
562 3754 606 3834 de
631 3753 911 3858 proscriptorum
935 3749 1035 3851 filiis,
1059 3763 1174 3850 sexta,
1206 3773 1324 3850 quum

312 3877 531 3972 provinciam
566 3882 602 3959 in
640 3881 809 3960 concione
844 3877 1012 3981 deposui,
1044 3877 1214 3982 septima,
1246 3901 1325 3976 qua
