2834 5012
494 417 737 470 memorerm
1044 429 1121 480 xvn
1174 407 1177 430 ¹

117 522 188 602 ciis
218 517 371 598 bellum
402 537 583 632 gerente,
612 551 733 632 quam
764 523 909 624 multa,
937 528 1122 640 inquam,

118 697 223 781 quae
243 666 308 752 vel
331 669 475 750 Caesar
495 697 578 750 non
600 671 746 782 attigit,
760 671 823 753 vel
840 676 968 788 attigit
989 681 1123 790 paullo

118 845 211 898 suae
242 843 384 898 causae
404 813 611 918 fidentius,
632 845 755 930 quam
783 822 986 933 oportuit?
1007 825 1123 910 Adde
1241 903 1250 923 ,

66 937 71 944 ’
117 995 222 1078 quae
236 965 414 1048 Caesaris
436 965 597 1048 caedem
618 985 830 1051 consecuta
853 987 968 1074 sunt,
983 974 1122 1058 turbu·

115 1117 383 1198 lentissimum
410 1116 471 1198 M.
501 1117 668 1199 Antonii
696 1120 976 1224 consulatum,
1005 1083 1152 1237 prae-x

117 1267 218 1350 lium
238 1262 289 1346 ad
302 1266 509 1347 Mutinam
522 1262 696 1366 factum,
709 1269 769 1349 M.
785 1267 950 1352 Antonii
966 1269 1122 1386 fugam,

116 1414 259 1500 Planci
300 1426 340 1495 et
367 1413 582 1513 Pollionis,
619 1442 795 1526 quorum
838 1419 935 1500 alter
969 1423 1122 1506 Galliae

117 1576 300 1678 praeerat
320 1563 418 1644 alter
438 1565 677 1675 Hispaniae,
691 1566 992 1676 pollicitationes
1009 1569 1059 1651 de
1079 1601 1122 1654 re

115 1714 229 1830 publ.
245 1710 492 1796 defendenda
506 1743 598 1796 sane
611 1715 836 1816 levissimas,
850 1715 993 1830 Lepidi
1006 1717 1121 1832 perfi-

116 1866 239 1964 diam,
252 1861 429 1964 duorum
442 1870 694 1949 exercituum
707 1864 894 1948 adversus
907 1895 993 1948 rem
1008 1867 1120 1980 publ.

114 2018 458 2100 coniunctionem.
488 2017 600 2098 Hinc
629 2017 716 2098 iure
745 2044 791 2097 ao
820 2019 962 2099 merito
988 2018 1120 2098 excla-

115 2163 260 2250 mabat·
279 2163 490 2246 Cornelius
519 2163 658 2277 Nepos
680 2163 756 2275 (ι),
778 2163 841 2246 his
869 2166 1043 2277 epistolis
1065 2169 1121 2248 sic

113 2317 250 2397 omnia
280 2313 329 2396 de
358 2311 499 2422 studiis
529 2316 782 2427 principum,
822 2313 1013 2400 devitiis
1042 2312 1122 2396 du-

116 2493 239 2565 cum,
268 2492 316 2544 ac
344 2463 635 2546 mutationibus
674 2468 730 2547 rei
760 2462 871 2577 publ.
902 2466 1123 2576 perscripta

118 2645 224 2716 esse,
255 2631 304 2696 ut
331 2613 432 2696 nihil
462 2618 503 2696 in
532 2613 596 2696 his
625 2643 707 2695 non
744 2630 956 2725 appareat,
993 2630 1043 2692 et'
1061 2612 1123 2692 fa-

119 2765 189 2844 cile
231 2766 446 2846 existimari
483 2767 607 2877 possit
645 2763 901 2876 prudentiam
933 2759 1124 2872 quodam-

117 2910 237 2995 modo
267 2943 348 2996 esse
378 2912 684 3000 divinationem:
713 2916 855 3012 immo,
886 2912 1123 2993 Ciceronem

119 3089 200 3142 non
230 3091 276 3142 ea
306 3063 460 3165 solum,
504 3093 606 3176 quae
647 3050 742 3148 vivo
783 3093 823 3144 se
842 3143 846 3154 ,
866 3053 1123 3160 acciderunt,
1252 3149 1254 3158 ¹

121 3209 377 3322 praedixisse,
407 3212 474 3295 sed
504 3217 646 3313 etiam,
675 3242 779 3325 quae
808 3226 943 3322 postea
972 3238 1123 3292 usuve-
1192 3277 1195 3288 ,

123 3375 293 3461 nerunt,
336 3364 522 3444 cecinisse
564 3377 611 3443 ut
640 3377 783 3474 vatem.
825 3353 1030 3441 Praedixit
1057 3385 1123 3476 rej

122 3533 208 3592 vera
252 3508 447 3600 decennio
489 3528 606 3611 ante,
648 3539 772 3626 quam
813 3506 964 3590 bellum
1008 3505 1123 3590 civile

164 3838 452 3916 mmmcffi

168 3988 267 4053 caea.
290 3991 336 4053 11.
359 4027 399 4040 -
421 3992 495 4053 Len.
523 3993 558 4053 Τ.
584 3993 608 4052 I.
