2932 5000
313 369 386 463 408
683 383 952 436 nunornrronns

352 489 554 576 spectaculum
584 485 658 547 mihi
687 507 835 569 propono.
864 487 946 548 Tum
970 505 1023 546 seu
1046 498 1125 560 noet,
1150 509 1202 547 seu
1228 491 1320 570 eriget

352 621 441 680 remp.
462 606 507 657 est
525 595 605 654 Bosii
626 595 798 654 coniectura
818 613 852 653 ex
874 594 1041 654 Decurtato
1061 615 1112 652 seu
1132 607 1197 652 ruet
1214 615 1247 654 se
1266 616 1316 655 ur-

350 719 399 786 get
421 725 482 764 rem
504 702 587 784 publ.
619 700 734 760 Multae
761 699 890 760 aliorum
916 700 1156 761 emendationes:
1187 703 1267 762 Iunii
1293 703 1320 762 si

351 823 481 892 mutent
507 819 634 887 sumget
662 827 768 888 remp.;
794 807 817 866 l.
838 806 873 866 F.
895 805 1029 866 Gronov.
1051 808 1080 865 si
1094 821 1185 867 seruet
1208 829 1316 891 remp,

352 918 468 978 etiamsi
495 935 625 974 menon
646 913 783 983 infestat,
805 923 835 970 et
855 911 905 972 hic
925 913 1063 972 stimulus
1083 914 1244 974 advolandi
1264 915 1317 975 de-

353 1023 405 1094 sit,
425 1022 492 1081 veni
507 1030 622 1093 tamen3
643 1039 753 1100 operae
765 1020 897 1099 pretium
911 1021 977 1078 erit.
998 1020 1092 1078 Instat
1109 1021 1317 1101 spectaculum

353 1129 508 1209 egregium
529 1126 668 1184 certantis
689 1123 792 1182 Publii
815 1145 884 1183 curn
904 1123 1001 1184 tribus
1015 1124 1145 1206 regibus.
1165 1126 1319 1186 Emenda-

352 1235 465 1295 tionem
480 1232 561 1291 Bosii
576 1230 709 1291 defendit
723 1229 884 1302 Graevius,
906 1241 936 1290 et
948 1249 1032 1290 ruere
1046 1231 1152 1291 eodem
1164 1253 1254 1292 sensu
1268 1255 1320 1292 ac-

353 1342 442 1422 cipit,
462 1359 523 1419 quo
537 1339 568 1396 in
587 1335 783 1418 praecedente
796 1357 843 1417 ep.
868 1342 884 1410 s
903 1357 913 1395 r
932 1347 1020 1408 extr,
1040 1347 1126 1418 etep.
1141 1337 1319 1398 CCCXVll.

315 1467 332 1528 7
352 1445 526 1508 versiculus
548 1443 685 1513 fortasse,
706 1453 741 1502 ut
754 1441 934 1502 Wielaudus
955 1441 1099 1524 putabat,
1119 1464 1137 1502 e
1158 1443 1315 1504 Ciceronis

353 1554 492 1632 poemate
511 1548 549 1609 de
569 1535 724 1609 consulatu
744 1569 799 1607 suo
819 1547 1041 1630 depromptum.
1064 1539 1184 1608 Seliitz.

310 1655 335 1718 -8
355 1656 511 1717 Correctio
535 1656 682 1733 Ernestii,
713 1675 805 1736 quam
839 1666 868 1715 et
899 1653 1010 1716 Schiitz
1040 1654 1205 1737 adoptavit.
1228 1656 1319 1739 Vulg.

351 1775 486 1843 potuero.
868 1746 885 1760 x

314 1890 336 1949 9
354 1867 401 1926 De
421 1866 553 1928 adventu
572 1879 635 1926 tuo.
657 1866 774 1926 Manat.

319 1993 355 2033 ro
375 1971 522 2054 Aliquod,
543 1974 596 2032 etsi
616 1983 722 2044 tenue,
744 1972 872 2053 vectigal
894 1972 983 2033 solvis
1004 1993 1062 2055 pro
1076 1977 1156 2054 agris
1170 1975 1320 2056 publicis,

356 2099 431 2160 quos
456 2078 605 2160 possides3
633 2077 684 2139 sed
706 2080 848 2139 Terentia
873 2078 932 2139 hoc
960 2083 1050 2140 etiam
1078 2092 1167 2141 tenue
1189 2083 1319 2163 vectigal

355 2196 480 2245 recusat.

770 2397 866 2458 XLII.

321 2627 331 2667 r
357 2607 443 2669 nmb.
460 2630 494 2690 ¹7
506 2621 535 2670 et
546 2609 592 2670 ed.
606 2607 695 2670 Rom.
704 2610 817 2693 prim03
830 2623 995 2692 utrumque
1009 2611 1149 2681 latinum,
1161 2623 1193 2672 et
1203 2624 1319 2672 utrum·

357 2737 415 2797 que
435 2727 615 2799 usurpatum
635 2717 708 2776 alias
729 2721 833 2788 etiam,
856 2721 929 2799 quin
951 2738 1071 2799 semper
1091 2739 1179 2778 voces
1200 2719 1323 2792 deinde,

354 2835 511 2904 propterea
524 2833 578 2883 etc.
590 2835 762 2904 sequantur.
774 2824 844 2886 Vid.
861 2825 941 2884 Man.
958 2827 990 2884 in
1002 2823 1148 2905 Epist.:ad
1161 2826 1233 2885 Div.
1247 2828 1291 2898 ll,
1303 2849 1324 2908 9

359 2928 421 3009 (ep.
442 2928 613 3002 CCXXlV,
634 2932 724 3009 init).

319 3052 336 3091 2
358 3032 500 3094 Caesaris.
522 3037 676 3097 Prolatum
701 3038 738 3096 ἰή
759 3037 890 3120 aliquid,
911 3038 973 3097 scil.
995 3036 1033 3097 ab
1061 3037 1167 3098 eodem
1194 3038 1323 3100 Caesare

358 3139 396 3198 de
415 3161 448 3199 re
468 3145 594 3222 agraria.
616 3143 698 3215 Hoc,
717 3145 862 3202 nimirum
885 3143 973 3225 quod
993 3145 1147 3226 prolatum
1168 3157 1228 3222 est3
1249 3151 1323 3208 eius-

358 3243 439 3303 modi
457 3267 515 3306 non
535 3248 698 3320 videbatur,
720 3249 803 3330 quod
823 3251 991 3310 timendum
1006 3251 1123 3311 luisset.

319 3349 338 3410 3
358 3349 464 3411 Lemb.
486 3366 519 3412 ut
536 3376 582 3414 me
602 3376 654 3434 ego
673 3368 731 3415 met
750 3356 890 3416 consoler.
912 3358 982 3417 Mox
1007 3358 1037 3416 in
1059 3377 1162 3436 agnem
1191 3357 1324 3440 Campa-

359 3478 429 3518 num
448 3479 508 3518 esse
528 3460 674 3536 deducta,
693 3464 837 3523 nimirum
852 3464 884 3521 in
897 3465 986 3522 unius
1000 3466 1064 3544 agri
1084 3463 1232 3546 Campani
1247 3464 1325 3524 divi-

360 3566 443 3625 sione
464 3571 623 3642 contineri,
644 3569 726 3651 quod
745 3573 844 3651 ipsum
858 3568 984 3630 tradunt
997 3569 1118 3630 Sveton.
1132 3572 1163 3630 in
1178 3570 1252 3640 Iul.,
1269 3591 1323 3644 2⁰3

360 3680 390 3729 et
410 3670 542 3733 Velleius
572 3676 619 3747 ll,
637 3677 686 3753 44.
710 3677 754 3736 Vt
778 3675 857 3735 dena
879 3676 977 3756 iugera
1002 3678 1073 3748 sint,
1092 3686 1127 3734 ut
1152 3686 1188 3734 ut
1215 3675 1322 3736 decem

359 3777 464 3858 iugera
488 3779 642 3842 dumtaxat
669 3785 742 3854 sint,
770 3803 848 3864 quae
876 3784 907 3841 in
933 3781 1050 3864 singula
1076 3785 1175 3864 capita
1195 3781 1323 3858 dentur3
1360 3845 1361 3852 χ

359 3884 412 3943 etsi
433 3883 492 3946 hoc
513 3909 599 3950 seusu
619 3891 707 3952 nimis
728 3889 838 3952 durum
860 3888 986 3950 videtur.
1009 3888 1065 3948 Ed.
1088 3888 1179 3949 Herv.
1196 3901 1228 3948 ut
1241 3887 1322 3947 tkua
