2924 5002
336 427 405 520 342
708 407 976 492 annortrronas

294 550 299 563 “
373 553 449 610 tium
463 549 549 610 vilius
561 555 619 616 est,
632 565 723 625 quam
734 543 842 604 domus
854 543 906 604 illa
917 554 995 604 stare
1008 553 1136 624 poterat.
1152 546 1257 625 ltaque
1278 545 1330 606 Bn-

373 656 465 716 daeus
485 651 645 736 legendum
668 649 872 711 arbitrabatur
891 650 983 710 tricies
1002 651 1154 732 quinquies
1167 654 1328 712 sestertius.

374 761 409 822 ld
430 762 522 822 Herv.
552 770 583 819 et
609 755 776 818 Lambinus
804 756 970 818 ediderunt.
1000 756 1061 816 Nos
1093 761 1164 838 quia
1192 759 1223 817 in
1243 757 1329 818 duob.

375 867 460 927 codd.
483 866 652 927 aVictorio
673 864 773 936 lectis,
794 874 824 923 et
845 866 876 922 in
896 861 993 924 tribus
1015 859 1123 924 Amhb.
1146 884 1180 935 2,
1198 884 1232 922 ra
1254 874 1283 923 et
1299 865 1331 938 14

374 973 504 1056 spatium
525 975 614 1030 inane
635 981 703 1030 ante
723 991 884 1030 numerum
900 967 1022 1030 XXXV
1032 969 1169 1030 relictum
1190 969 1331 1040 vidimus,

375 1083 575 1140 existimantes
597 1098 667 1136 curn
689 1077 825 1138 Victoria
846 1075 888 1134 ibi
909 1076 1040 1156 aliquem
1059 1075 1152 1136 aliurn
1172 1096 1331 1136 numerum

375 1189 520 1268 scriptum
540 1185 645 1256 fuisse,
666 1184 717 1263 qui
740 1201 889 1242 summam
911 1193 1049 1262 augeret,
1074 1177 1154 1262 vulg.
1175 1203 1332 1242 numerum

374 1312 435 1351 non
457 1293 649 1350 mutavimus.
671 1290 752 1348 Tum
773 1291 804 1346 in
825 1309 887 1348 uno
907 1288 993 1350 amb.
1013 1289 1049 1364 14
1068 1309 1134 1348 enm
1153 1291 1254 1370 prima
1276 1311 1334 1348 ma-

375 1418 431 1456 nus
452 1398 567 1472 omisit3
588 1394 674 1455 bene.

276 1521 280 1531 ’
336 1503 356 1564 8
378 1505 515 1574 locatur,
536 1505 607 1582 quia
628 1522 696 1562 aere
716 1480 815 1562 alieno
837 1503 953 1582 gravati
967 1500 1071 1561 turbas
1086 1521 1209 1560 movere
1223 1512 1254 1561 et
1269 1521 1334 1560 con·

377 1613 476 1668 iurare
498 1608 684 1680 desiderant,
703 1618 739 1688 ut
757 1606 869 1668 tabulis
890 1610 976 1668 novis
997 1607 1136 1669 confectis
1157 1627 1193 1667 eo
1207 1605 1333 1666 liberen-

229 1741 248 1807 Ι
379 1726 437 1776 tur.
455 1714 574 1798 ,illudit
594 1717 756 1796 praecipue
778 1713 816 1774 ad
838 1713 984 1774 Catilinae
1005 1715 1244 1774 coniurationem
1260 1733 1335 1772 anno

376 1824 531 1902 superiore
552 1819 780 1902 deprehensam.

337 1949 357 2007 9
379 1925 470 1986 Herv.
492 1936 521 1985 et
542 1927 622 1984 Man.
643 1925 717 2001 1543
738 1929 765 1985 si
779 1929 857 2008 quis3
871 1948 925 1986 nos
940 1947 1008 1989 cum
1024 1925 1164 1987 Schiitzio
1178 1926 1334 1988 lectionem

374 2030 438 2092 Pal.
463 2031 683 2121 brecepimus3
704 2032 740 2092 cf.
761 2053 808 2114 ep.
830 2031 1026 2103 cxxvm.
1049 2032 1151 2114 Vulgo
1173 2044 1204 2092 et
1225 2031 1335 2092 Ambb.

376 2160 479 2198 omnes
499 2141 527 2199 si
544 2139 706 2221 quisquam.

341 2245 483 2316 toCives
504 2245 656 2326 opulenti,
678 2247 728 2327 qui
752 2245 889 2306 civilibus
910 2256 939 2306 et
960 2245 1048 2306 licitis
1069 2247 1168 2305 usuris
1195 2265 1335 2304 nummos

376 2351 440 2410 aliis
462 2351 570 2410 locant.
594 2351 698 2412 Graev.

343 2477 371 2514 11
398 2456 457 2515 Sic.
480 2457 627 2517 Graevius
648 2479 682 2518 ex
703 2458 795 2519 Ment.
817 2459 901 2530 cod.‚
924 2479 1016 2539 quam
1044 2459 1201 2518 lectionem
1237 2457 1339 2517 firmat

375 2561 464 2622 amb.
481 2562 524 2621 15.
545 2564 605 2624 Atii
626 2566 706 2624 ouini
724 2565 771 2626 vel
792 2566 883 2626 omnis
908 2586 965 2648 pro
986 2586 1102 2638 ontrres3
1122 2576 1157 2624 ut
1181 2564 1339 2646 dispositio

378 2665 543 2728 verborum
565 2673 621 2730 sit:
643 2691 677 2730 ex
691 2670 841 2732 obsidebas
858 2673 999 2737 exemerit
1018 2673 1114 2744 omni,
1135 2671 1184 2732 vel
1196 2672 1339 2752 stienera-

269 2827 272 2832 .
371 2787 451 2852 ,tores
470 2778 612 2836 exemerit
629 2779 736 2849 onsrn's,
751 2799 880 2858 quorum
896 2788 1038 2838 neutrum
1053 2775 1159 2859 placet.
1173 2776 1232 2837 Ed.
1248 2778 1341 2837 Herv.

375 2879 499 2942 Homini
515 2883 638 2943 semissis
658 2905 695 2942 m.
717 2905 742 2943 c.
762 2897 812 2944 cst.
841 2884 968 2946 Omnino
989 2885 1151 2946 semissibus
1165 2905 1276 2963 ningere
1290 2907 1341 2944 cc-

348 2978 427 3064 x[pin
456 2999 499 3045 est
524 2988 604 3048 idem
632 2989 732 3050 valere
760 2989 919 3051 dicendum
950 3002 1011 3064 est,
1044 2990 1142 3073 quod,
1174 2993 1342 3052 semissibus

375 3092 534 3174 locupletes
553 3117 660 3156 sumus.
683 3095 840 3157 Scbiitzius
858 3117 928 3158 cum
943 3097 1167 3178 Martyni-Lag.
1182 3100 1343 3170 casemarii,

375 3210 404 3254 et
421 3201 472 3258 eui
488 3202 651 3264 semissibus
670 3223 778 3283 mugire
799 3225 823 3264 c.
844 3225 869 3265 e.
894 3203 972 3264 Sunt
992 3215 1093 3266 autem
1113 3205 1246 3264 semisses
1266 3225 1340 3266 usu-

375 3313 427 3361 rae
450 3306 628 3387 (interemi),
648 3308 685 3369 de
707 3309 817 3390 quibus
838 3313 870 3370 in
890 3311 1002 3372 Indice.

341 3429 374 3468 ra
395 3409 496 3470 Bonus
518 3410 650 3487 debitor,
672 3419 723 3497 qui
735 3462 745 3490 ,
766 3417 891 3489 scilieet,
918 3417 1062 3478 solvendo
1089 3429 1139 3478 est.
1168 3417 1259 3478 Libri
1287 3417 1338 3476 alb
1438 3465 1439 3468 η

375 3527 450 3596 quot
471 3517 577 3580 bonum
598 3542 701 3584 nonsen
722 3523 848 3606 adeptus
877 3525 1039 3599 nannetem
1065 3546 1139 3584 voce
1167 3546 1185 3583 a
1213 3524 1340 3584 librario

375 3623 510 3696 invecta,
533 3629 584 3707 qui
606 3650 710 3690 nomen
730 3651 791 3690 non
813 3642 941 3712 ceperat.

340 3727 374 3805 13
396 3727 503 3806 Caium
525 3733 602 3808 scil..
622 3726 818 3798 Macedoniae
839 3737 1059 3818 proconsulem.
