2886 5000
316 395 387 468 208
671 411 842 464 rarsrona
868 413 960 464 xxix.
1086 410 1116 461 ι.
1136 414 1171 461 v.
1190 412 1218 460 c.
1237 411 1286 462 sos

368 545 410 592 12
436 519 489 591 Ac
523 519 594 589 iam
627 517 697 590 hoc
728 517 809 589 loco
840 541 914 589 non
946 515 1165 615 hortatione,
1197 543 1331 617 neque·

311 645 525 746 praeceptis,
550 642 613 715 sed
637 642 800 742 precihus
826 656 943 714 tecum
967 641 1128 715 fratensis
1155 667 1236 742 ago,
1262 656 1318 714 to-

313 784 389 842 tum
417 783 457 842 ut
489 769 661 868 animum,
694 795 832 867 curam,
864 757 1187 868 cogitationemque
1215 781 1314 840 tuam

311 921 425 997 ponas
451 897 489 968 in
514 896 671 971 omnium
687 893 791 966 laude
808 893 964 996 undique
982 891 1185 992 colligenda.
1203 891 1313 988 Quod

312 1022 343 1096 si
366 1023 405 1094 in
428 1019 601 1095 mediocri
622 1034 716 1094 statu
730 1037 762 1086 79
779 1021 950 1094 sermonis
976 1045 1017 1092 ac
1042 1019 1314 1120 praedicationis

310 1161 452 1222 nostrae
477 1173 532 1222 res
563 1160 695 1222 essent:
729 1145 816 1219 nihil
848 1145 910 1219 abs
942 1158 978 1218 te
1011 1145 1191 1243 eximium,
1223 1144 1311 1216 nihil

311 1287 450 1374 praeter
466 1267 613 1346 aliorum
630 1270 926 1348 consuetudinem„
936 1270 1181 1378 postularetur.
1206 1269 1311 1344 Nunc

310 1423 395 1471 vero
419 1412 565 1499 propter
589 1424 708 1471 earum
733 1422 863 1498 rerum,
887 1399 926 1469 in
951 1396 1078 1498 quihus
1103 1397 1232 1468 versati
1251 1423 1310 1468 su-

288 1591 291 1612 ,
309 1547 405 1624 mus,
430 1523 653 1625 splendorem
679 1537 715 1596 et
730 1521 1025 1621 magnitudinem,
1051 1523 1118 1593 nisi
1135 1547 1309 1594 summam

308 1648 450 1723 laudem
466 1628 591 1724 exista
609 1650 791 1751 provincia
814 1649 1047 1750 assequimur,
1072 1647 1131 1724 vix
1146 1646 1311 1722 videmur

308 1803 480 1852 summam
492 1780 785 1880 vituperationem
798 1803 902 1878 posse
916 1778 1036 1850 vitare.
1054 1777 1107 1847 Ea
1124 1789 1245 1847 nostra
1257 1802 1309 1849 ra·
1365 1804 1372 1814 ¹

301 1903 358 1975 'tio
384 1917 453 2003 est,
478 1919 519 1976 ut
543 1929 665 1978 omnes
690 1904 774 1977 boni
792 1929 900 2004 quum
925 1871 1079 1998 faieant,
1105 1914 1179 1973 tum
1198 1903 1307 1973 ctiam

308 2052 329 2098 a
353 2026 456 2101 nobis
482 2054 622 2101 omnem
650 2029 864 2128 diligentiam
881 2028 1116 2126 virtutemque
1133 2038 1169 2097 ct
1184 2040 1309 2125 postu·

306 2149 381 2223 lent
406 2165 442 2224 et
466 2167 687 2253 exspectent,
713 2171 834 2227 omnes
861 2167 978 2225 autem
1002 2150 1155 2252 improbi
1188 2151 1308 2252 (quod

307 2302 390 2350 cum
412 2278 455 2350 iis
479 2277 609 2351 bellum
638 2279 854 2378 suscepimus
872 2277 1142 2377 sempiternum)
1168 2276 1224 2350 vel
1242 2278 1305 2348 mi-

305 2401 399 2473 nima
424 2429 462 2474 re
488 2403 534 2476 ad
550 2403 880 2505 reprehendendum
899 2395 1053 2474 contenti
1073 2427 1147 2474 esse
1166 2401 1308 2474 videan-

305 2539 371 2598 tur.
398 2529 515 2619 Quare
541 2532 707 2630 quoniam
737 2529 914 2602 theatrum
939 2529 1016 2626 ¹tuis
1041 2527 1229 2601 virtutibus
1255 2541 1308 2600 est

306 2651 427 2734 datum
451 2656 481 2706 ³⁰
518 2655 719 2729 celebritate
751 2656 1034 2752 refertissimum,
1066 2655 1307 2751 magnitudine

305 2778 572 2880 amplissimum,
587 2782 717 2855 iudicio
737 2781 1021 2877 eruditissimum,
1046 2793 1170 2852 natura
1189 2795 1305 2852 autem

304 2904 352 2974 ita
376 2931 558 3007 resonam,
583 2921 622 2980 ut
647 2935 755 3010 usque
773 2908 922 2980 Romam
941 2905 1218 3003 significationes
1246 2933 1304 2979 vo

306 3054 432 3130 cesque
449 3032 480 3082 ⁸¹
508 3032 715 3108 referantur:
734 3031 926 3133 contende,
952 3056 1096 3132 quaeso,
1114 3017 1219 3131 atque
1237 3031 1305 3103 cla-

304 3149 507 3252 bora,.non
532 3158 640 3234 modo
667 3174 706 3232 ut
730 3159 784 3233 his
810 3158 913 3232 rebus
941 3157 1064 3256 dignus
1090 3159 1213 3258 luisse,
1244 3159 1303 3232 sed

216 3347 223 3374 ,
304 3277 410 3350 etiam
434 3295 474 3352 ut
497 3282 555 3355 illa
582 3287 700 3360 omnia
718 3287 787 3358 tuis
805 3285 937 3361 artibus
954 3310 1135 3383 superasse
1154 3285 1302 3357 videare.

354 3402 436 3475 XV.
462 3407 511 3478 Et
535 3409 701 3508 quoniam
726 3409 812 3482 mihi
839 3435 939 3482 casus
964 3409 1135 3482 urbanam
1167 3410 1207 3482 in
1231 3436 1302 3480 ma·

304 3526 502 3621 gistratibus
520 3511 856 3610 administrationem
873 3559 923 3608 rer
913 3533 1120 3635 publicae,
1137 3534 1203 3607 tibi
1224 3559 1302 3634 pro-

302 3650 486 3730 vincialem
504 3656 617 3731 dedit:
643 3662 672 3732 si
689 3687 765 3734 mea
784 3686 866 3760 pars
884 3659 915 3711 ⁸²
942 3660 1073 3772 nemini
1098 3660 1193 3732 cedit
1200 3661 1303 3760 ,fac,

302 3789 341 3846 ut
367 3791 425 3850 tua
451 3796 584 3855 ceteros
610 3786 736 3858 vincat.
764 3780 936 3857 Simulat
961 3749 1049 3856 illud
1076 3787 1208 3885 cogita,
1235 3811 1297 3858 nos

301 3904 444 3978 nonde
476 3907 606 4010 reliqua
639 3924 676 3984 et
707 3922 845 4012 sperata
879 3908 1028 4006 gloria
1019 3936 1087 3982 rani
1119 3897 1294 4014 laborare,
