2834 5012
313 389 361 482 4⁰
681 400 853 450 nrrsrott
879 404 940 449 xu.
1091 400 1279 464 tuconi
1408 415 1409 466 j

313 533 448 582 summa
476 531 556 603 erga
580 519 616 576 te
640 502 754 576 studia
778 529 903 602 parum
928 501 1014 573 mihi
1040 502 1265 577 adjunxerint
1281 508 1306 604 ⁵,
1408 501 1409 534 ¹

313 661 369 707 res
393 633 533 734 publica
557 656 622 703 nos
638 632 730 702 inter
753 655 818 702 nos
845 628 1072 701 conciliatura
1101 632 1307 702 coniunctu-
1408 681 1409 684 ,

313 784 421 858 raque
445 759 498 830 sit
523 757 591 854 Ac,
615 781 660 829 ne
683 757 841 853 ignores,
866 753 951 854 quid
975 780 1041 852 ego
1057 756 1096 826 in
1112 757 1181 827 tuis
1197 755 1307 828 literis

314 885 551 981 desiderarim,
575 882 726 954 scribam
750 894 887 980 aperte,
911 882 1003 953 sicut
1019 896 1056 953 et
1072 907 1150 952 mea
1167 895 1308 978 natura,
1408 895 1409 952 t

314 1026 351 1084 et
373 1025 493 1084 nostra
518 1008 671 1080 amicitia
696 1005 859 1106 postulat.
884 1008 952 1080 Res
978 1033 1036 1080 eas
1068 1008 1159 1104 gessi
1176 1009 1203 1104 ⁶,
1229 1032 1309 1106 qua-

312 1163 392 1210 rum
416 1136 568 1236 aliquam
590 1135 629 1206 in
661 1134 730 1204 tuis
762 1131 887 1230 literis,
919 1145 956 1202 et
988 1145 1128 1203 nostrae
1159 1132 1309 1204 necessi-

313 1262 445 1334 tudinis
475 1275 513 1332 et
535 1261 584 1332 rei
613 1256 775 1359 publicae
801 1283 927 1355 causa,
958 1257 1227 1354 gratulationem
1257 1283 1310 1328 ex-

314 1387 484 1486 spectavi:
520 1411 624 1485 quam
653 1410 717 1481 ego
747 1382 870 1454 abste
899 1384 1178 1482 praetermissam
1202 1401 1310 1454 esset

315 1511 478 1609 arbitror,
503 1510 599 1611 quod
615 1535 772 1582 vererere
784 1511 811 1607 ⁸,
827 1534 873 1580 ne
897 1510 996 1580 cuius
1021 1511 1177 1580 animum
1202 1508 1338 1581 offen-³

316 1635 415 1709 deres
426 1654 450 1706 9.
476 1635 546 1707 Sed
562 1637 668 1734 scito,
685 1661 726 1706 ea
732 1691 743 1733 ,
768 1659 857 1733 quae
874 1659 939 1706 nos
955 1659 1020 1733 pro
1038 1634 1149 1706 salute
1175 1635 1311 1732 patriae
1408 1713 1409 1718 ἵ

313 1763 507 1861 gessimus,
525 1760 618 1832 orbis
644 1775 756 1832 terrae
779 1759 910 1831 iudicio
935 1784 977 1831 ac
994 1760 1198 1831 testimonio
1216 1785 1313 1832 com·

314 1885 465 1986 probari
492 1887 608 1984 Quae,
633 1913 743 1986 quum
758 1887 911 1983 veneris,
936 1897 1035 1957 tanto
1062 1884 1210 1958 consilio
1237 1899 1311 1957 tan-

315 2025 419 2112 taque
436 2012 542 2083 animi
565 1987 801 2108 magnitudine
827 2036 849 2082 a
872 2037 929 2083 me
954 2025 1050 2108 gesta
1075 2036 1149 2082 esse
1176 1993 1309 2109 cogno-
1408 2047 1409 2058 2

315 2161 411 2235 sees,
435 2150 475 2208 ut
498 2135 563 2208 tihi
586 2135 698 2208 multo
721 2137 863 2233 maiori,
888 2162 993 2236 quam
1019 2135 1200 2207 Africanus
1228 2136 1314 2233 fuit,
1408 2209 1409 2224 ¹

314 2286 372 2332 me
396 2285 470 2333 non
491 2260 604 2333 multo
628 2262 820 2359 minorem,
845 2285 951 2359 quam
969 2260 1128 2333 Laelium
1144 2275 1184 2358 ¹⁰,
1213 2260 1314 2333 facile
1408 2321 1409 2330 ,

316 2386 413 2456 etin
436 2412 475 2458 re
498 2385 656 2485 publica,
681 2388 778 2459 etin
803 2386 971 2483 amicitia,
997 2385 1203 2458 adiunctum
1240 2411 1313 2459 esse
1408 2365 1409 2422 5

316 2510 459 2610 patiare.
485 2505 582 2584 Vale.

789 2636 889 2710 ΧΠῙ·
1015 2747 1016 2750 ¹
1062 2676 1186 2736 (Aaou.
1203 2675 1245 2735 v,
1265 2679 1295 2732 ι)

285 2804 289 2809 ’
316 2813 534 2892 Argmnentum.
556 2814 594 2890 Q.
613 2812 751 2873 Metellus
772 2811 874 2884 Celer,
893 2813 946 2892 qui
966 2829 1001 2871 er
1021 2822 1165 2893 praetura
1179 2815 1316 2892 superio

356 2921 397 2975 ris
418 2921 488 2976 anni
509 2919 853 2998 Galliam‚provinciam
871 2939 890 2976 a
911 2919 1055 2977 Cicerone
1075 2917 1198 2976 consule
1220 2918 1315 2999 depo—

356 3023 459 3092 sitam,
470 3019 608 3102 regebat,
628 3024 765 3101 queritur
778 3023 953 3083 Ciceronem
967 3045 998 3082 se
1011 3022 1166 3083 absentem
1179 3023 1316 3083 ludibrio

356 3127 488 3199 laesisse,
508 3139 538 3186 et
557 3127 680 3188 fratrem
701 3149 790 3188 suum
810 3129 849 3206 Q.
870 3129 1025 3190 Metellum
1046 3130 1194 3211 Nepotem
1214 3151 1316 3224 oppu-

358 3254 470 3314 gnasse.

471 3381 524 3434 Scr-
543 3399 574 3434 ex
591 3383 677 3435 Gallia
693 3384 813 3436 citeriore
831 3387 862 3437 Δ.
882 3383 912 3436 V.
931 3382 959 3436 C.
979 3381 1092 3436 DCXCl.

442 3523 479 3602 Q.
504 3525 716 3591 METELLVS
742 3527 779 3606 Q.
804 3527 836 3588 F.
860 3519 1005 3610 CELER,
1027 3524 1192 3588 PROCOS.

767 3635 796 3696 S.
821 3633 858 3695 D.

656 3744 698 3805 M.
723 3743 758 3805 T.
784 3741 971 3805 CICERONI

365 3882 402 3953 Si
427 3881 537 3982 vales,
564 3883 662 3965 bene¹
686 3897 740 3958 est
758 3898 780 3954 ².
808 3883 1053 3958 Existimaram
1085 3908 1153 3983 pro
1187 3897 1316 3958 mutuo
