2882 5002
326 425 371 500 70
669 413 839 467 rrrsroct
864 415 967 466 xviri.
1103 413 1133 462 n.
1151 417 1184 464 v.
1199 418 1233 476 c.
1251 417 1300 478 692

375 530 396 600 3
424 524 493 599 Sed
522 547 659 623 vereor,
691 547 736 594 ne
763 520 850 620 hoc,
882 509 978 620 quod
1010 517 1178 594 infectum
1210 534 1264 592 est
1287 539 1349 622 ¹⁷,

324 667 442 755 serpat
457 652 602 750 longius.
629 649 745 724 Credo
762 649 857 721 enim
873 661 910 720 te
927 646 1082 747 audisse,
1099 673 1208 750 quum
1227 649 1326 750 apud

325 782 509 855 Caesarem
528 779 558 829 ¹⁸
583 803 648 878 pro
673 773 808 880 populo
833 767 944 874 lieret,
970 775 1106 848 venisse
1132 799 1175 847 eo
1201 775 1326 848 mulie-

322 906 379 980 bri
405 907 532 982 vestitu
556 906 683 1003 virum,
708 903 815 1004 idque
841 903 1050 975 sacrificium
1069 915 1100 966 ι9
1126 929 1235 1004 quum
1255 904 1327 976 vir-

324 1036 420 1134 gines
443 1034 711 1128 instaurassent,
736 1029 952 1103 mentionem
977 1055 997 1102 a
1016 1029 1058 1120 Q.
1078 1029 1268 1103 Cornificio
1288 1031 1328 1103 in

323 1174 447 1234 senatu
472 1158 615 1231 lactem:
643 1157 690 1246 (is
716 1155 781 1228 suit
798 1155 961 1256 princeps
974 1171 1022 1253 ²⁰3
1039 1180 1084 1226 ne
1102 1168 1141 1226 tu
1157 1153 1247 1228 sorte
1267 1155 1328 1228 ali·

323 1312 428 1388 quem
452 1297 611 1357 nostrum
628 1292 746 1383 putes)
771 1295 893 1381 postea
919 1306 994 1354 rem
1019 1307 1062 1354 ex
1078 1295 1218 1354 senatus
1237 1307 1323 1355 con·

323 1411 414 1485 sulto
441 1410 486 1483 ad
510 1409 694 1509 pontifices
707 1425 736 1456 ²¹
758 1407 920 1506 relatam,
944 1406 1051 1508 idque
1077 1405 1121 1480 ab
1153 1407 1195 1479 iis
1222 1407 1320 1480 nefas

323 1563 398 1610 esse
417 1536 613 1609 decretum:
632 1533 759 1607 deinde
776 1558 819 1606 ex
831 1546 971 1606 senatus
989 1532 1150 1607 consulto
1163 1533 1328 1607 consules
1418 1629 1420 1638 ,

322 1663 539 1760 rogationem
548 1677 578 1708 ²²
591 1660 842 1760 promulgasse,
852 1660 953 1731 uxori
966 1659 1148 1734 Caesarem
1161 1661 1329 1734 nuntium

322 1789 502 1861 remisisse.
536 1787 578 1858 Iu
610 1787 677 1859 hac
712 1812 815 1859 causa
841 1786 940 1883 Piso,
968 1786 1118 1857 amicitia
1145 1787 1184 1857 P.
1210 1785 1330 1858 Clodii

323 1913 466 2012 ductus,
482 1939 627 2015 operam
645 1911 720 2010 dat,
737 1925 777 1983 ut
794 1939 834 1983 ea
852 1911 1008 2010 rogatio,
1025 1937 1130 2012 quarn
1148 1912 1224 2010 ipse
1243 1911 1332 2010 fert,

322 2054 358 2111 et
382 2038 448 2111 lert
472 2065 514 2112 ex
539 2053 679 2112 senatus
697 2035 875 2135 consulto,
901 2051 937 2110 et
955 2035 999 2109 de
1017 2037 1181 2136 religione
1200 2039 1242 2136 ²³,
1260 2064 1324 2110 an-

322 2164 483 2264 tiquetur.
510 2163 658 2238 Messala
676 2163 901 2238 vehementer
918 2163 1034 2236 adhuc
1052 2164 1123 2262 agit
1148 2189 1270 2237 severe
1283 2163 1328 2236 ²4.

321 2288 413 2362 Boni
445 2290 510 2361 viri
543 2290 705 2388 precihus
737 2289 853 2364 Clodii
887 2303 1114 2363 removentur
1148 2315 1169 2362 a
1203 2315 1327 2388 causa,

322 2439 450 2515 operae
475 2430 743 2515 comparantur,
769 2416 990 2515 nosmetipsi,
1017 2416 1076 2516 qui
1101 2417 1279 2514 Lycurgei
1306 2444 1326 2489 a

321 2542 496 2641 principio
520 2541 719 2640 fuissemus,
745 2541 902 2643 quotidie
929 2541 1181 2640 demitigamur.
1209 2543 1327 2614 histat

321 2679 358 2738 et
382 2681 482 2766 urget
507 2668 605 2741 Cato.
633 2667 731 2760 Quid
756 2667 886 2739 multal
912 2693 1050 2765 vereor,
1074 2691 1119 2739 ne
1144 2667 1251 2767 haec,
1267 2695 1328 2740 ne-

321 2790 433 2890 glecta
459 2793 623 2892 abonis,
657 2792 798 2866 detensa
823 2791 867 2867 ab
893 2793 1081 2893 improbiS,
1115 2803 1326 2892 magnorum

320 2917 370 2990 rei
394 2917 556 3016 publicae
580 2917 754 2992 malorum
780 2945 883 2992 causa
909 2919 988 2992 sint.
1130 3015 1134 3022 ι

316 3093 318 3100 ,
370 3041 517 3134 4Tuus
545 3056 663 3115 autem
693 3042 752 3115 ille
785 3045 916 3118 amicus
933 3045 976 3143 ²⁵,
1003 3041 1104 3133 (scin’
1131 3070 1239 3146 quem
1274 3046 1327 3119 di-

320 3163 440 3256 caml)
467 3164 512 3239 de
538 3192 608 3269 quo
635 3180 673 3240 tu
699 3168 826 3243 adme
852 3170 1040 3271 scripsisti,
1064 3184 1189 3270 postea
1218 3199 1328 3274 quam

322 3313 397 3362 non
424 3289 568 3364 auderet
583 3294 856 3394 reprehendere,
880 3296 1023 3368 laudare
1042 3297 1217 3396 coepisse,
1244 3323 1328 3396 nos,

319 3427 359 3486 ut
376 3415 546 3516 ostendit,
572 3417 764 3494 admodum
790 3421 919 3520 diligit,
941 3420 1182 3521 amplectitur,
1213 3435 1328 3521 amat,

321 3553 441 3640 aperte
473 3541 610 3646 laudat,
643 3546 800 3648 occulte,
831 3547 894 3620 sed
927 3548 993 3646 ita,
1026 3561 1066 3619 ut
1097 3549 1326 3648 perspicuum

319 3665 380 3763 sit,
406 3665 549 3741 invidet.
575 3670 670 3744 Nihil
696 3697 814 3771 come,
839 3672 926 3745 nihil
953 3671 1101 3772 simplex
1118 3675 1160 3771 ²⁶,
1185 3673 1276 3746 nihil
1293 3678 1327 3742 ἐν

319 3796 381 3869 τοῖς
406 3797 566 3874 πολιτικοῖς
592 3795 796 3896 honestum,
821 3797 909 3869 nihil
934 3797 1084 3896 illustre,
1110 3798 1197 3870 nihil
1214 3799 1327 3898 forte,

316 3915 403 3990 nihil
428 3917 584 3994 liberum.
611 3922 679 3995 Sed
705 3921 791 3996 haec
818 3921 863 3998 ad
890 3937 924 3996 te
954 3924 1105 3998 scribam
1132 3923 1215 3999 alias
1242 3923 1327 3999 suh-
