2932 5000
524 411 560 458 ru
586 404 780 458 nrrsronls
1078 387 1143 460 361

149 515 188 578 53
209 513 291 576 llaec
314 511 370 572 sibi
391 513 520 571 invicem
541 510 745 572 adversantur.
766 507 832 570 Non
846 508 927 570 euim
940 519 1059 591 poterat
1073 509 1150 572 bene

191 621 357 703 auspicari,
378 639 433 678 nec
453 617 580 700 proinde
601 620 657 678 rite
677 617 773 698 legem
795 616 873 678 ferre
892 615 957 688 ille,
978 619 1149 697 quiritium

190 731 222 789 itr
249 745 379 809 corpore
405 722 539 786 haberet.
568 720 627 786 Sed
655 724 762 786 Cicero
788 722 872 786 ludit.
900 722 991 784 Hcrv.
1013 727 1050 782 de
1075 724 1150 784 bono

191 855 219 895 a.
240 855 265 892 c.
287 835 313 892 h.

154 939 194 1016 54
215 938 264 1000 Sic
284 938 361 1000 bene
381 938 537 998 Ernestius
565 948 632 1021 post
659 936 782 1010 Minut,
810 937 883 998 olim
905 938 936 998 in
956 935 1039 998 tribu.
1067 935 1150 1000 ldem

191 1046 306 1106 Manut.
324 1045 562 1127 pronuntiaverit.
614 1087 617 1093 -

149 1150 192 1214 55
209 1153 277 1212 Non
298 1152 335 1213 de
355 1173 410 1213 suo
432 1151 607 1224 consulatu,
628 1151 682 1212 sed
700 1151 839 1212 universe
859 1148 898 1212 de
917 1148 1077 1219 consulatu
1090 1148 1150 1208 Ro-

192 1278 285 1319 mano
306 1258 451 1340 loquitur.
474 1257 590 1319 Sclriitz.

147 1362 189 1424 56
207 1366 374 1437 Nimirum,
395 1365 535 1426 Afranius
546 1363 650 1446 suctus
669 1367 725 1426 erit
744 1364 856 1426 consul.

149 1467 189 1552 57
211 1471 278 1532 Hoc
303 1482 368 1546 est,
394 1492 459 1533 rem
490 1436 648 1532 rdliculam
677 1483 709 1533 ct
738 1472 886 1533 ludicram
913 1471 1059 1535 futurum.
1093 1469 1152 1530 En-

189 1583 352 1660 pressimus
374 1580 591 1639 correctionem
612 1578 761 1651 Schiitzii,
780 1582 834 1661 qui
855 1591 885 1640 et
905 1581 968 1662 ipse
989 1579 1152 1640 correctio·

190 1705 262 1745 nem
287 1686 398 1746 Mureti
429 1684 588 1764 adhibuit,
608 1698 637 1746 et
668 1695 786 1748 tantum
818 1689 938 1747 inserto.
960 1683 1054 1745 Codd.
1084 1705 1152 1744 mss.

179 1791 405 1872 fobomimium,
425 1793 471 1854 vel
483 1788 742 1875 sabam⁴mimum‚
761 1793 811 1854 vel
827 1792 902 1874 [aba
922 1793 1085 1863 minuetum,
1106 1791 1154 1851 rel

179 1897 292 1980 sabam
317 1901 451 1975 nr'mr'um3
479 1921 514 1960 ex
542 1899 652 1981 quibus
676 1902 698 1960 l.
724 1899 759 1960 F.
787 1901 960 1960 Gronovius
987 1896 1154 1959 coniicehat

190 1997 391 2092 partc'pdpos,
427 2005 513 2066 lentis
534 2017 742 2090 unguentum
762 2006 909 2068 Passerat.
933 2004 1039 2087 Afrcrrr⁸
1068 2004 1153 2062 mini·
1226 2061 1231 2076 ,

189 2131 284 2188 mum3
305 2110 420 2172 Manut.
432 2111 574 2202 sahulem
594 2115 757 2189 numinum
778 2113 865 2173 Grut.
878 2111 989 2194 sabam
1009 2113 1107 2172 imum.

147 2215 189 2277 58
212 2216 250 2276 Η.
270 2238 295 2277 e.
316 2238 381 2278 rem
403 2219 653 2281 contemnendam
673 2240 736 2281 esse
750 2229 834 2302 puta.
855 2216 1153 2300 Nonfloccr'facere,

190 2323 252 2384 scil.
273 2343 312 2384 ne
331 2323 417 2386 flocci
430 2325 551 2407 quidem
566 2326 679 2397 facere,
699 2336 745 2386 est
764 2324 846 2408 apud
860 2325 957 2385 Plaut.
978 2322 1100 2384 Curcul.
1114 2323 1154 2395 V,
1201 2350 1208 2420 ,ι

190 2429 226 2503 3,
248 2429 286 2490 35
293 2455 301 2508 3
321 2441 351 2492 et
370 2432 574 2496 Menaechmis
595 2434 641 2507 ll,
662 2433 695 2504 3,
711 2430 763 2516 69.
786 2432 918 2504 Foeteon
947 2440 1047 2493 autem
1077 2429 1155 2491 dixit

190 2556 299 2618 graeca
319 2540 545 2613 terminatione,
565 2549 600 2600 ut
623 2538 819 2621 responderet
841 2537 935 2600 verbo
952 2547 1152 2620 φιλοσοφητέον.

191 2641 285 2721 Quod
308 2643 445 2706 dedimus
465 2647 616 2729 reperitur
636 2648 668 2706 in
687 2644 828 2706 omnihus
854 2665 924 2706 mss.
945 2643 1070 2704 testibus
1094 2642 1151 2703 Vi-

188 2751 287 2809 ctorio
307 2761 337 2812 ct
349 2739 532 2834 Malasp'ina3
553 2751 661 2814 Arubb.
685 2750 736 2824 16,
760 2771 794 2831 17
817 2761 959 2833 corrupte
980 2769 1075 2810 nonne
1096 2749 1155 2808 loci

178 2853 320 2937 sacteon3
339 2856 405 2918 edd.
417 2869 488 2920 vett
501 2881 596 2920 nonne
610 2871 773 2943 ι’λαφηοὲονς
790 2857 862 2921 Adr.
876 2855 1038 2918 Turnebus
1048 2876 1152 2918 emen-

188 2961 286 3035 darit,
300 2985 359 3026 non
359 2965 458 3046 flocci
476 2965 585 3038 εᾶτὲον,
606 2967 689 3049 quod
707 2977 814 3051 postea
834 2976 989 3048 receptum
1009 2963 1083 3034 fuit,
1104 2961 1151 3022 id-

190 3079 251 3140 est,
271 3069 404 3132 mittendi
421 3073 608 3146 consulatus,
628 3085 662 3134 ut
688 3095 736 3136 res
756 3093 820 3134 non
845 3072 951 3148 flocci3
979 3067 1153 3132 Tunstallus
1186 3077 1193 3092 “

192 3185 435 3262 ἀφιλοσοφακτὲονς
456 3180 479 3240 l.
500 3179 537 3240 F.
557 3179 651 3242 Gron.
661 3180 759 3263 flocci
777 3189 912 3249 narrator.

148 3283 193 3368 59
213 3286 361 3366 Legatum
386 3287 493 3364 Quinti
520 3285 690 3363 Ciceronis,
715 3287 814 3370 Nepos
843 3289 874 3347 in
896 3281 955 3348 Art.
978 3283 1014 3357 6,
1036 3293 1069 3344 et
1094 3281 1154 3349 Cic.

193 3411 240 3473 ep.
262 3413 328 3474 sup.
354 3413 377 3452 1.
793 3381 795 3392 ’

148 3496 249 3558 601n
274 3499 327 3559 illo
356 3502 528 3580 gymnasio,
555 3499 612 3563 sub
641 3511 756 3574 statua,
778 3511 813 3562 ut
834 3499 974 3571 videtur,
996 3495 1166 3560 Ciceronis

197 3601 288 3665 Gran.

151 3708 189 3770 61
216 3709 380 3792 Rescripsit
399 3712 505 3774 Bosius
526 3733 561 3774 ex
581 3714 706 3775 Decurt,
726 3713 804 3775 Edd.
820 3727 891 3776 ante
904 3712 991 3775 illum
1006 3677 1156 3772 Lucullus.

195 3815 303 3878 Cicero
321 3829 441 3878 veretur
465 3839 504 3880 ne
524 3819 574 3880 ille
595 3822 672 3903 ipse,
693 3823 745 3902 qui
765 3820 841 3882 nihil
860 3815 961 3880 adhuc
982 3816 1020 3878 de
1040 3837 1071 3876 se
1093 3814 1157 3892 (Ci-

194 3924 320 4006 cerone)
335 3927 466 4009 scripsit,
487 3925 627 4002 Archias,
639 3917 820 3991 nihil'etiam
835 3927 976 4008 deinceps
990 3925 1156 4004 scripturus
