2886 5000
347 383 413 462 ¹70
695 338 987 444 animumn,
1123 388 1314 452 aranon

339 513 402 586 gas
425 513 469 560 ac
497 488 650 588 resistas,
673 491 747 564 sive
766 493 876 565 otiam
892 491 990 566 ultro
1000 506 1164 564 occurras
1181 496 1341 592 nogotiis.

339 615 462 716 Neque
486 616 598 689 enim
595 616 780 690 eiusmodi
800 631 942 718 partem
965 618 1016 692 rei
1041 619 1203 736 publicae
1235 622 1343 718 geris

338 741 376 856 in
401 767 469 843 qua
483 741 634 848 fortuna
660 743 893 846 dominetur,
900 744 997 818 sed
988 769 1025 817 ιιι
1051 763 1136 846 qua
1147 745 1341 848 plurimum

338 843 428 940 ratio
447 865 621 968 possitet
638 867 824 968 diligentia.
851 866 1015 982 Quodn
1032 871 1114 970 tibi',
1131 869 1264 943 bellum
1281 869 1345 943 ali·
1385 929 1395 942 ,

339 969 469 1101 quod
452 1021 618 1096 magnum
633 1009 668 1069 et
680 991 916 1114 periculosum
930 927 1203 1105 administianti,
1220 1023 1343 1118 proro

340 1123 460 1219 gatum
484 1123 671 1222 imperium
689 1124 857 1220 viderem
883 1138 1069 1228 tremerem
1085 1125 1221 1222 animo,
1243 1105 1344 1226 quod

339 1242 467 1322 eodem
491 1263 649 1350 tempore
674 1275 766 1334 esse.
781 1249 1010 1349 intelligerem
1036 1248 1146 1336 etiam
1173 1248 1346 1360 fortunae

338 1387 552 1473 potestatem
575 1378 618 1448 in
635 1389 702 1450 nos
717 1391 952 1477 prorogatam
977 1377 1081 1450 Nuus
1098 1402 1184 1450 vero
1201 1389 1344 1476 capara

337 1499 478 1578 tibirei
502 1501 665 1603 publicae
689 1497 875 1576 commissa
901 1517 968 1602 est,
999 1505 1038 1575 in
1054 1509 1140 1610 ·qua
1173 1515 1235 1574 aut
1265 1501 1343 1574 nul-

336 1627 423 1726 la'ni,
441 1642 502 1701 aut
518 1616 745 1770 perexiguam*
756 1645 894 1750 partem
911 1628 1051 1703 fortuna
1067 1635 1182 1727 tenet,
1199 1642 1236 1702 et
1253 1651 1343 1730 qrrae
1425 1623 1426 1626 '

336 1683 424 1826 ιἰιιἹιι
452 1751 525 1873 tota
551 1755 588 1827 in
609 1769 670 1829 tua
687 1757 817 1856 virtute
835 1782 875 1828 ac
893 1753 1136 1846 moderatione
1155 1752 1261 1826 animi
1279 1779 1345 1854 po

337 1851 404 1988 sita
430 1907 503 1956 csse
525 1869 694 1957 videatur.
722 1871 843 1980 Nullas
861 1875 940 1985 (ιιι
946 1869 1133 1992 opinor)
1116 1880 1261 1953 insidias
1278 1879 1343 1953 ho-

337 2010 460 2108 stium,
485 1983 624 2084 nnllam
641 2009 765 2109 praelii
782 2010 1105 2106 dimicationem,
1064 2023 1093 2058 ¹²
1128 2006 1262 2104 nullam
1280 2006 1342 2080 de

336 2133 525 2207 sectionem
541 2136 733 2235 sociorum,
749 2134 909 2208 nullam
899 2134 1059 2234 mopiam
1077 2132 1262 2232 stipendii,
1282 2144 1342 2204 aut

336 2260 387 2330 rei
410 2259 672 2361 frumentariae,
695 2192 1252 2334 niallamseditionem‘exercitus
1268 2282 1345 2357 per⁴
1425 2255 1426 2348 J

337 2385 566 2459 timescimus:
593 2411 682 2488 quae
707 2397 877 2493 persaepe
901 2384 1166 2490 sapientissimis
1183 2383 1271 2455 viris
1289 2407 1344 2454 ae*
1425 2437 1426 2480 ,

337 2507 515 2612 ciderunt,
539 2525 579 2586 ut
604 2511 902 2614 quemadmodum
929 2508 1179 2611 gubernatores
1215 2506 1343 2609 optimi
1425 2515 1426 2520 ’

335 2635 412 2718 vim¹
434 2640 670 2742 tempestatis,
695 2639 744 2711 sic
769 2635 819 2710 itti
845 2637 1005 2711 fortunae
1030 2638 1204 2736 impetum
1239 2658 1344 2734 supe-

283 2833 285 2838 .
335 2789 411 2866 rare
423 2788 497 2837 non
513 2779 674 2867 possent„
687 2761 770 2852 Tibi
787 2763 868 2846 data
883 2779 937 2837 est
953 2789 1090 2850 summa
1103 2786 1173 2863 pax
1179 2818 1189 2861 ,
1206 2785 1343 2868 summa
1425 2849 1426 2860 ἵ

335 2892 585 2992 tranquillitas:
610 2894 662 2966 ita
685 2907 805 2966 tamen
811 2949 821 2991 ,
846 2906 887 2966 ut
904 2917 945 2964 ea
963 2891 1198 2966 dormientem
1216 2885 1343 2986 guber·

335 3030 497 3124 natorem
517 3017 576 3091 vel
601 3016 748 3092 obruere
764 3021 804 3117 ³³,
821 3017 1026 3116 vigilantem
1042 3017 1150 3090 etiam
1168 3013 1343 3088 delectare
1425 3083 1426 3118 ξ

305 3151 314 3172 ’·
335 3143 457 3242 possit.
483 3145 631 3218 Constat
644 3146 752 3218 *enim
776 3171 818 3218 ea
843 3144 1025 3245 provincia
1051 3143 1206 3243 primum
1233 3161 1345 3213 exeo
1425 3205 1426 3220 ,

337 3294 462 3368 genere
481 3273 657 3347 sociorum
674 3273 714 3371 ιι,
732 3272 830 3374 quod
845 3286 899 3345 est
917 3297 960 3344 ex
975 3270 1159 3344 hominum
1176 3266 1273 3341 omni
1289 3287 1347 3362 go

335 3381 419 3470 nere
435 3397 740 3499 humanissimum,
757 3398 884 3473 deinde
902 3424 944 3470 ex
961 3421 1004 3470 eo
1022 3422 1147 3496 genere
1160 3394 1292 3468 civium
1304 3389 1347 3485 ¹⁵,

256 3503 258 3512 ,
337 3525 398 3624 qui
424 3538 502 3625 aut,
527 3526 623 3626 quod
648 3525 828 3628 publicani
854 3537 952 3625 sunt,
977 3549 1042 3595 nos
1068 3547 1205 3622 summa
1224 3539 1345 3591 neces·

336 3647 489 3748 situdine
514 3653 709 3753 attingunt,
735 3666 812 3750 aut,
836 3650 933 3753 quod
958 3651 1007 3722 ita
1032 3648 1272 3746 negotiantur,
1300 3653 1343 3712 ut

334 3772 529 3875 locupletes
555 3779 640 3877 sint,
664 3761 776 3853 ndstri
801 3775 1002 3878 consulatus
1027 3773 1198 3856 beneficio
1224 3768 1337 3842 sc‘in-

291 3939 294 3945 x
336 3899 490 3975 columes
514 3904 670 3980 fortunas
695 3907 823 3979 habere
850 3903 1072 3977 arbitrantur.
