2882 5002
280 440 286 452 ·
342 429 409 500 128
689 441 860 492 seimonu
876 444 979 492 ων.
1112 439 1310 502 s.v.·c.t‚9³

337 541 507 623 sessiones
547 544 820 644 confirmabam,
852 543 1103 618 Volaterranos
1134 557 1173 618 et
1203 545 1337 617 Arreti-
1389 543 1392 550 '

336 701 402 774 nos
425 677 465 773 ¹³,
495 694 643 775 quorum
681 661 802 769 agrum
841 667 936 742 Sulla
971 667 1191 769 publicarat,
1223 696 1339 771 neque

337 800 517 897 diviserat,
534 798 578 884 in
605 816 666 869 s‘ua
691 798 911 896 possessione
927 795 1137 895 retinebam,
1161 823 1269 869 unam
1285 823 1341 870 ra-

336 929 470 1000 tionem
489 921 519 990 ¹4
544 901 617 996 non
642 923 858 1022 reiiciebam,
881 936 923 995 ut
948 948 1029 1022 ager
1052 921 1120 995 hac
1137 921 1339 997 adventicia

335 1053 484 1153 pecnnia
511 1063 700 1147 emeretur,
725 1074 813 1150 quae
839 1073 882 1122 ex
906 1049 1008 1121 novis
1025 1047 1253 1148 vectigalibus
1273 1077 1341 1150 per

336 1175 613 1279 quinquennium
639 1175 859 1274 reciperetur.
883 1173 977 1246 Huic
1001 1174 1069 1246 toti
1092 1174 1221 1248 rationi
1243 1200 1341 1274 agra-

334 1303 407 1376 riae
432 1311 572 1374 senatus
593 1297 861 1397 adversabatur,
885 1299 1067 1398 suspicans
1083 1300 1256 1399 Pompeio
1274 1326 1340 1374 no-

334 1453 418 1502 vam
431 1423 832 1528 quamdampotentiam
852 1425 970 1524 quaeri
985 1425 1024 1496 ⁸⁵.
1040 1424 1231 1524 Pompeius
1249 1451 1338 1500 vero

335 1551 382 1625 ad
406 1550 624 1624 voluntatem
648 1548 874 1650 perferendae
897 1547 984 1645 legis
1006 1541 1232 1622 incubuerat.¹
1255 1553 1336 1649 Ego

335 1692 470 1773 autem,
496 1702 620 1774 magna
646 1701 728 1748 cnm
753 1657 965 1775 agrariorum
988 1669 1118 1775 gratia,
1150 1677 1336 1750 confirma·

223 1873 227 1880 .
332 1802 416 1875 bam
441 1803 599 1874 omnium
626 1802 845 1901 privatorum
878 1800 1129 1901 possessiones,
1157 1802 1204 1890 (is
1238 1804 1334 1875 enim

333 1941 388 2000 est
411 1941 532 2002 noster
557 1927 743 2024 exercitus,
766 1924 967 2025 homiuum,
991 1939 1031 2000 ut
1047 1939 1122 2000 tute
1138 1928 1220 2026 scis,
1236 1927 1336 2002 locu-

331 2052 496 2152 pletium)
516 2050 651 2152 populo
676 2066 795 2125 autem
820 2065 855 2125 et
871 2047 1044 2151 Pompeio
1069 2063 1169 2142 (nam
1186 2053 1224 2127 id
1241 2081 1332 2156 qno-

332 2203 401 2277 que
425 2176 606 2267 volebam)
632 2177 886 2250 satisfaciebam
918 2179 1114 2277 emptione,
1146 2205 1215 2280 qua
1245 2206 1332 2254 eon-

289 2281 291 2288 ,
331 2279 453 2373 stituta
478 2300 676 2400 diligenter,
701 2316 737 2375 et
762 2303 935 2374 sentinam
958 2302 1055 2375 urbis
1079 2303 1269 2404 exhauriri,
1296 2321 1332 2380 et

330 2425 452 2499 Italiae
485 2425 709 2500 solitudinem
741 2427 952 2530 frequentari
983 2454 1088 2528 posse
1127 2430 1332 2505 arbitrabar.

331 2551 402 2624 Sed
426 2551 513 2624 haec
538 2566 614 2626 tota
631 2579 684 2627 res
701 2552 921 2653 interpellata
937 2551 1031 2626 bello
1048 2554 1234 2629 refrixerat.
1255 2560 1331 2631 Me-

205 2699 207 2706 ’
330 2676 433 2750 tellus
458 2691 512 2751 est
536 2678 659 2752 consul
688 2705 771 2754 sane
803 2679 939 2778 bonus,
971 2693 1008 2752 et
1039 2705 1104 2754 uos
1136 2681 1333 2757 admodum

331 2800 450 2899 diligit.
475 2802 538 2876 Ille
563 2803 650 2878 alter
666 2806 716 2878 ita
732 2805 820 2880 nihil
845 2818 915 2905 est,
939 2818 980 2877 ut
995 2803 1115 2905 plane,
1132 2808 1219 2907 quid
1234 2835 1331 2882 eme-

330 2926 376 2998 rit
394 2929 434 3024 16,
458 2930 599 3001 neseiat.

381 3050 403 3122 5
429 3053 526 3125 Haec
552 3069 633 3127 suut
657 3057 696 3128 in
720 3082 757 3129 re
782 3053 937 3156 publica:
962 3057 1030 3130 nisi
1055 3057 1161 3130 etiam
1175 3058 1266 3133 illud
1282 3063 1330 3135 ad

330 3201 403 3248 rem
419 3176 514 3276 publ.
532 3193 636 3278 putas
648 3196 675 3248 ¹7
694 3165 883 3282 pertinere,
899 3183 1113 3254 Herennium
1131 3185 1333 3286 quemdam,

329 3301 509 3375 tribunum
533 3304 661 3406 plebis,
687 3306 851 3380 tribulem
884 3322 999 3406 tuum,
1032 3335 1115 3380 sane
1147 3309 1331 3384 hominem

328 3451 480 3528 nequam
506 3443 609 3532 atque
635 3447 811 3532 egentem,
836 3459 940 3533 saepe
965 3433 1036 3505 iam
1061 3433 1105 3506 de
1135 3435 1175 3509 P.
1202 3437 1332 3511 Clodio

329 3550 376 3621 ad
400 3551 540 3651 plebem
564 3557 783 3646 traducendo
809 3584 909 3656 agere
943 3559 1108 3657 coepisse.
1141 3561 1234 3635 Huic
1259 3563 1329 3635 fre-
1423 3553 1424 3564 ¹

328 3691 475 3774 quenter
501 3679 736 3758 interceditur.
764 3685 881 3770 [Haec
914 3698 1014 3770 sunt,
1041 3700 1080 3757 ut
1113 3687 1257 3787 opinor,
1290 3689 1333 3760 in
1422 3721 1423 3734 .

327 3826 364 3871 re
390 3802 550 3901 publica]
571 3810 608 3879 ¹⁸.

376 3926 401 3999 6
426 3930 503 4027 Ego
529 3947 663 4033 autem,
689 3950 730 4008 ut
752 3934 859 4010 semel
884 3934 1066 4008 Nonarum
1091 3936 1227 4012 illarum
1253 3940 1330 4012 De·
