2924 5002
320 369 392 442 316
688 386 858 436 sersroca
884 389 945 436 mr.
1100 385 1132 436 a.
1149 388 1182 438 v.
1200 389 1228 436 c.
1246 381 1299 453 ⁶94

318 518 456 566 mecum
482 489 706 592 querebatur,
732 489 938 592 orabatque,
963 501 1003 560 ut
1029 487 1075 561 ad
1092 501 1127 561 te
1146 516 1249 590 quam
1269 491 1346 566 di-,

318 619 543 718 ligentissime
568 617 771 690 scriberem:
798 615 895 718 quod
919 615 1027 714 facio,
1052 629 1088 688 et
1113 619 1152 689 te‘
1177 641 1328 716 prorsus

317 745 546 821 vehementer
571 745 677 816 etiam
703 757 808 845 atque
834 743 939 815 etiam
964 767 1069 842 rogo,
1098 756 1140 815 ut
1171 756 1207 814 et
1238 768 1334 841 pro-

318 871 537 946 curatoribus
562 869 676 943 Flavii
700 871 857 942 remittas
880 867 924 940 de
942 866 1197 967 deminuendo,
1223 868 1330 963 etde

316 995 678 1098 Apollonidiensibus,
694 995 826 1097 nequid
843 994 1056 1095 perscribas,
1082 994 1179 1096 quod
1196 1010 1330 1068 contra

316 1123 479 1199 Flavium
504 1125 565 1197 sit:
592 1119 759 1223 amplius,
785 1137 821 1195 et
845 1121 960 1195 Flavii
986 1147 1105 1219 causa,
1131 1135 1166 1193 et
1191 1120 1335 1194 scilicet

316 1251 495 1351 Pompeii,
520 1250 625 1338 facias
651 1249 779 1324 omnia.
804 1247 897 1322 Nolo
922 1245 1164 1320 mediusfidius
1190 1272 1232 1318 ex
1261 1261 1332 1320 tua

316 1377 439 1452 iniuria
457 1378 495 1448 in
512 1375 625 1474 illum,
650 1375 715 1448 tibi
731 1373 911 1448 liberalem
928 1399 984 1474 me
1002 1372 1121 1446 videri.
1145 1372 1215 1444 Sed
1233 1387 1271 1446 et
1287 1387 1332 1446 te

316 1527 390 1601 oro,
407 1516 447 1575 ut
464 1517 501 1575 tu
520 1504 595 1600 ipse
607 1503 639 1552 ²⁸
657 1502 908 1574 auctoritatem
925 1514 961 1572 et
977 1513 1245 1572 monumentum
1263 1497 1331 1571 ali-

317 1629 415 1732 quod
428 1629 577 1726 decreti,
595 1641 657 1700 aut
673 1627 853 1699 literarum
867 1641 1006 1699 tuarum
1020 1624 1210 1726 relinquas,
1226 1623 1331 1724 quod

316 1756 362 1827 sit
386 1754 432 1826 ad
458 1753 574 1830 Flavii
601 1781 675 1828 rem
701 1766 737 1826 et
763 1753 809 1824 ad
835 1779 974 1826 causam
1007 1750 1330 1826 accommodatum.

194 1952 197 1960 ,
315 1880 401 1952 Fert
417 1881 512 1951 enim
541 1880 692 1979 graviter
707 1878 875 1995 homost
891 1880 960 1950 mei
984 1876 1328 1951 observantissimus.
1447 1971 1448 1976 ἵ

316 2018 353 2076 et
366 2004 419 2077 sui
436 2005 519 2078 iuris
539 2005 787 2106 dignitatisque
805 2004 975 2104 retinens,
991 2029 1028 2078 se
1047 2003 1142 2103 apud
1159 2017 1330 2106 teneque
1447 2053 1448 2068 κ

315 2131 484 2228 amicitia,
508 2156 622 2232 neque
648 2131 722 2203 iure
748 2128 912 2203 valuisse:
939 2144 991 2229 et,
1016 2143 1056 2200 ut
1074 2131 1216 2229 opinor,
1240 2127 1326 2202 Fla·
1447 2125 1448 2130 ’

314 2257 365 2330 vii
382 2255 575 2358 aliquando
595 2277 671 2330 rem
688 2270 724 2330 et
739 2257 928 2355 Pompeius
946 2270 983 2328 et
999 2257 1127 2330 Caesar
1144 2254 1208 2327 tibi
1225 2280 1327 2328 com·
1447 2319 1448 2334 ἢ

213 2377 214 2380 “
314 2381 547 2455 mendarunt:
574 2383 713 2482 etipse
746 2381 792 2454 ad
816 2395 851 2454 tc
884 2383 1070 2482 scripserat
1094 2379 1255 2480 Flavius,
1289 2395 1329 2454 et

314 2533 379 2606 ego
410 2522 529 2580 certe.
547 2509 666 2598 Quare
694 2510 723 2580 si
750 2507 902 2581 ollares
928 2522 998 2610 est,
1030 2533 1135 2608 quam
1167 2506 1233 2580 tibi
1265 2533 1324 2580 me

313 2631 511 2706 faciendam
528 2647 675 2738 petente
690 2647 813 2738 putes,
829 2632 916 2707 baec
934 2660 974 2706 ea
992 2635 1045 2707 sit
1073 2634 1109 2704 Si
1134 2660 1192 2706 me
1210 2659 1325 2734 amas,
1447 2699 1448 2720 ,

314 2785 414 2858 cura,
440 2758 598 2860 elabora,
622 2761 772 2860 perfice,
796 2773 836 2831 ut
860 2759 1004 2865 Flavius
1029 2773 1065 2833 et
1090 2759 1155 2832 tibi
1181 2759 1322 2833 etmihi
1447 2767 1448 2770 ’

315 2909 421 2983 quam
444 2887 612 2958 maximas
640 2887 770 2984 gratias
797 2899 885 2984 agat.
912 2887 991 2960 Hoc
1017 2900 1052 2958 te
1077 2887 1126 2959 ita
1150 2911 1257 2987 rogo,
1281 2901 1324 2960 ut

313 3010 445 3084 maiore
471 3010 590 3084 studio
616 3037 739 3110 rogare
764 3037 838 3085 non
863 3013 1006 3112 possim.

361 3135 424 3206 IV.
453 3165 472 3236 7
501 3137 613 3229 Quod
631 3138 750 3211 adme
769 3136 813 3211 de
830 3139 974 3213 Hermia
991 3136 1126 3237 scribis,
1145 3137 1236 3210 mihi
1252 3164 1322 3212 me·

312 3257 454 3330 hercule
480 3261 586 3335 valde
609 3264 798 3339 molestum
822 3263 898 3336 fuit.
923 3265 1058 3337 Literas
1075 3263 1122 3336 ad
1141 3278 1176 3336 te
1194 3291 1321 3365 parum
1447 3343 1448 3350 χ

311 3383 463 3458 fraterne
488 3389 711 3490 scripseram:
741 3417 826 3492 quas
860 3387 1019 3463 oratioue
1049 3389 1217 3491 Diodoti,
1246 3394 1318 3464 Lu·

315 3508 399 3582 culli
423 3511 559 3616 liberti,
586 3530 800 3615 commotus,
826 3515 1059 3620 depactione
1085 3517 1205 3589 statim
1224 3516 1319 3619 quod

313 3635 507 3741 audieram,
532 3643 732 3717 iracundius
745 3643 982 3742 scripseram,
1007 3657 1043 3715 et
1067 3668 1236 3716 revocare
1261 3669 1319 3715 cu·

311 3762 463 3862 piebam.
488 3769 581 3842 Huic
607 3783 646 3842 tu
672 3768 840 3869 epistolae
865 3794 939 3842 non
970 3764 1117 3842 fraterne
1149 3770 1318 3872 scriptae,
1447 3755 1448 3786 ¹

311 3884 461 3966 fraterne
487 3894 593 3970 debes
618 3898 806 3994 ignoscere.
831 3895 884 3968 De
902 3895 1115 3994 Censorino,
1140 3895 1316 3992 Antonio,
