2834 5012
298 428 382 480 xxvi
679 416 927 470 ΙΝΤΙΟΜΒΉΟ
1066 489 1070 496 Ι

299 558 379 610 esse
410 527 602 607 nimirum
646 537 829 634 tempus,
872 547 955 632 quo
992 520 1160 631 scriptae
1188 537 1305 622 sunt,

299 679 536 793 plerumque
579 675 634 754 ita
669 681 694 722 ‘⁶
725 669 1027 769 indistinctum,
1068 684 1116 752 ut
1148 699 1306 756 annum

284 817 486 924 definire,
506 799 582 905 aut
611 837 767 934 partem
797 823 916 918 anni,
933 834 1004 904 aut
1024 847 1203 902 mensem
1231 847 1305 902 ne·

300 1004 422 1088 queas
450 976 708 1086 exprimere,
745 983 865 1082 atque
895 969 1045 1081 aliquas
1088 969 1208 1054 etiam
1241 995 1306 1052 es·

300 1153 362 1224 se,
389 1121 608 1234 dequibus
631 1119 818 1204 dubitent
839 1117 1006 1219 eruditi,
1028 1131 1171 1202 utrum
1189 1118 1308 1204 civile
1331 1219 1336 1230 ⁴

300 1271 452 1354 bellum
481 1273 786 1366 antecesserint,
827 1295 877 1350 an
913 1265 1075 1352 ardente
1104 1266 1197 1366 illo,
1235 1281 1307 1350 aut

301 1447 427 1532 propa
449 1415 565 1502 finito
587 1420 666 1503 sint
691 1419 950 1534 conscriptae.
973 1477 997 1516 „
1029 1415 1083 1498 At
1111 1419 1164 1498 ita
1194 1415 1303 1498 mul-

302 1570 353 1648 tis
378 1564 560 1679 partibus
589 1569 724 1680 plures
758 1582 853 1648 sunt
887 1566 1000 1664 illae,
1027 1562 1177 1676 quibus
1199 1533 1327 1644 certa

303 1713 385 1798 dies
414 1715 611 1830 adscripta
640 1732 723 1817 est,
758 1718 822 1802 vel
850 1743 1025 1827 quarum
1061 1728 1220 1825 tempus
1258 1740 1310 1794 ex

255 1936 258 1942 .
303 1892 440 1945 rerum
467 1865 532 1949 vel
574 1891 835 1977 personarum
874 1859 1147 1948 notationibus
1182 1862 1310 1972 possis

303 2010 555 2126 dignoscere,
585 2018 752 2116 utrix,
780 2030 850 2098 aut
879 2043 929 2094 ne
958 2016 1030 2097 vix,
1058 2009 1223 2125 quidem
1245 2013 1310 2095 vi·
1369 2119 1373 2123 ⁵

303 2189 421 2244 cenas
449 2169 642 2276 reperiar,
664 2192 766 2277 qnae
788 2194 811 2246 a
832 2167 926 2248 viris
956 2161 1121 2244 eruditis
1148 2163 1192 2243 in
1221 2162 1310 2272 epi-

286 2311 422 2392 'stolas
450 2312 594 2395 incerti
622 2315 730 2396 cuni
757 2315 996 2426 relegentur.

362 2458 578 2563 Ordinem,
608 2489 743 2574 quem:
759 2464 988 2574 sequimur,
1010 2474 1049 2541 et
1074 2474 1312 2572 argumenta
1414 2479 1415 2494 ¹

293 2609 567 2718 'epistolarum
596 2614 775 2694 mutrmti
800 2639 940 2694 sumus
972 2638 993 2688 a
1028 2606 1223 2693 Sohutzio.
1241 2609 1257 2718 (
1264 2608 1313 2719 1),
1400 2661 1415 2698 ,κ

263 2845 264 2852 Ν
308 2783 434 2840 annos
469 2776 604 2844 autem
645 2766 954 2876 supputavimus
981 2782 1077 2841 cum
1105 2757 1313 2860 Fabricio,
1414 2789 1415 2878 3

306 2903 474 3014 Pighio,
497 2910 681 3020 Sigonio,
704 2910 916 3010 Schi'ttaio,
945 2910 1164 3022 ceterisque
1187 2910 1315 2992 Tullii

349 3240 389 3316 (r)
411 3241 530 3302 Novum
551 3245 688 3308 ordinem
710 3269 766 3331 per
787 3249 924 3310 consules
945 3252 1077 3330 primus,
1098 3246 1311 3328 quodeciam,

307 3341 478 3424 composuit
498 3340 701 3424 Ragazzonius
724 3347 874 3426 (Carolus
895 3347 1070 3428 Sigonius).
1096 3344 1237 3408 Eundem
1260 3365 1311 3406 or-

308 3431 409 3498 dinem
431 3449 535 3520 postea
556 3456 714 3505 servarunt
746 3445 890 3517 Siberus,
923 3442 1083 3517 Borbeclr,
1107 3441 1312 3514 Wielandus,

308 3542 342 3592 et.
357 3553 456 3619 nuper
476 3536 665 3602 Christianus
687 3543 797 3606 Godof.
819 3543 946 3616 Schtitr,
967 3543 1053 3604 editis
1067 3538 1200 3624 epistoiis
1216 3541 1312 3600 Halae

307 3631 505 3716 Magdeburg.
532 3637 627 3722 1809,
654 3641 674 3702 6
695 3644 754 3709 voL
776 3645 806 3704 in
827 3643 854 3704 8.
889 3642 1063 3704 Subtitzium
1088 3640 1312 3721 religiosissime

306 3741 424 3790 secutus
458 3747 501 3794 est
532 3758 623 3818 eques
652 3741 792 3822 Aloysius
822 3741 938 3814 Mahit,
967 3741 1082 3801 tenere
1109 3738 1142 3800 di
1173 3739 1311 3800 Cicerone

307 3828 438 3890 trudone.
461 3832 596 3910 Padova,
623 3837 809 3922 1819-1821·,
835 3842 869 3902 13
890 3841 948 3904 vot.
970 3843 1001 3900 in
1021 3839 1048 3900 8.
