2932 5000
535 400 572 446 lN
596 395 791 446 uvtsrotts

532 675 534 684 Ι
608 605 719 666 xum.

161 845 176 905 ι,
198 826 244 886 lta
264 831 333 883 aute
354 820 465 880 Sohtita
494 817 675 891 Lambinus,
702 830 731 880 et
758 829 827 880 ante
853 817 936 879 hunc
961 816 1033 880 Pius
1059 818 1158 881 Bono-

199 931 308 991 niensis
329 927 435 1010 praelo
457 927 635 1000 Ascensiano
662 924 732 986 1531
764 924 872 1002 edidit;
885 929 934 988 oui
961 936 1062 988 tamen
1087 926 1160 991 fides

199 1036 306 1098 heberi
326 1044 526 1118 conpotem,
547 1054 643 1115 quum
663 1031 743 1094 hanc
772 1053 835 1094 esse
861 1043 976 1098 veteres
1002 1031 1160 1094 lectionem

200 1143 341 1205 affirmat.
369 1143 490 1204 Gruter.
512 1142 611 1202 turbat
637 1142 665 1202 vi
689 1141 961 1222 Sampsiceramus.
990 1134 1160 1201 Correctio-

199 1271 269 1312 nom
299 1250 468 1310 necessario
499 1269 599 1310 sensus
628 1248 780 1330 postulat3
811 1247 893 1320 scil,
922 1249 1021 1310 turbas
1048 1259 1161 1319 movet,

196 1358 295 1419 omum
320 1359 428 1419 munet
448 1355 553 1438 Vulgo
574 1355 723 1428 turbatur,
751 1354 835 1436 quod
861 1355 955 1438 aliqui
980 1354 1084 1416 dicunt
1103 1375 1182 1436 po-·

200 1467 291 1528 situm
312 1485 376 1524 esse
396 1463 494 1524 forum
515 1462 732 1546 deponentiali‚
753 1473 789 1523 ut
808 1473 928 1524 cenatus
952 1480 1009 1545 pro
1037 1463 1160 1537 certaria

197 1571 249 1632 alii
268 1573 386 1654 passive
407 1570 572 1653 explicant,
592 1570 690 1630 auimo
710 1581 919 1632 consternatur.
942 1567 1002 1630 Sed
1020 1567 1092 1628 huic
1112 1589 1160 1628 ex-

196 1678 351 1760 plicationi
373 1679 608 1760 sequentianno
629 1675 807 1750 cohaerent,
828 1677 873 1738 illi
898 1695 971 1738 vero
996 1677 1161 1759 opponitur

200 1786 298 1844 forma
319 1785 403 1846 latini
425 1786 579 1846 sermonis.

155 1913 173 1952 2
196 1891 335 1973 Pompeii
356 1911 426 1952 cum
440 1890 579 1963 Caesare,
600 1889 664 1951 filia
677 1889 768 1952 huius
782 1892 814 1950 in
828 1909 955 1952 uxorem
970 1888 1068 1956 ducta.
1082 1886 1164 1970 Ager

154 2025 156 2034 ⁴
198 1997 384 2081 Campanus,
403 1998 546 2057 nimirum
576 1999 643 2080 ipso
665 1997 818 2060 adnitente
846 1995 960 2058 divisus
989 1995 1028 2056 ad
1054 2016 1160 2056 auram

195 2103 375 2187 popularem
396 2104 584 2186 captandam.
606 2103 724 2186 Efsmio
747 2105 905 2189 pecuniae,
934 2103 994 2164 soil.
1020 2101 1160 2187 publicae

201 2213 233 2270 in
253 2231 401 2293 pauperes
421 2211 511 2272 cives.
535 2210 620 2293 Quae
641 2213 744 2293 cuique
769 2212 918 2272 libuhsent
941 2209 1092 2291 dilargitus
1116 2222 1163 2268 est
1261 2247 1266 2261 .

198 2317 322 2389 Caesar,
343 2318 385 2378 ait
406 2316 526 2378 Sveton.
548 2319 579 2377 in
600 2317 654 2377 lul.
676 2339 700 2378 o.
723 2339 778 2393 203
799 2328 829 2378 et
849 2339 895 2400 ep.
918 2339 978 2400 seq.
997 2339 1027 2390 1,
1048 2317 1161 2379 nullon

197 2423 333 2505 cuiqrmm
355 2423 534 2504 largitionem
553 2424 725 2507 relinquere.

154 2530 174 2588 3
199 2528 249 2588 sic
269 2531 358 2589 tacite
382 2529 531 2592 Graevius
558 2551 628 2614 oum
656 2529 806 2592 Sohiitzio.
834 2534 874 2592 At
901 2541 972 2592 vett.
997 2530 1064 2592 edd.
1090 2551 1159 2591 cum

197 2634 312 2696 Victor.
329 2637 495 2718 ceterisque
515 2634 609 2697 verba
629 2636 684 2697 Dii
701 2638 879 2699 immortales
892 2636 1075 2698 transferunt
1091 2649 1160 2720 post

197 2739 249 2800 illa
271 2741 428 2824 tranquillo
447 2742 559 2814 auimo,
581 2741 633 2804 ubi
653 2763 778 2826 prorsus
799 2747 902 2827 inepta
922 2763 984 2804 esse
1004 2742 1080 2804 vidit
1098 2744 1158 2803 iam

199 2845 366 2908 Schiitzlus.
483 2893 485 2897 -

153 2953 255 3032 4Ed.
285 2955 390 3028 Rom,
419 2955 526 3016 Minut.
553 2957 621 3017 Ald.
645 2957 774 3020 Victorii
796 2977 855 3018 nort
874 2955 1050 3039 defleamus,
1070 2969 1159 3039 atque

196 3059 265 3120 ideo
278 3061 357 3121 iufra
376 3061 567 3144 confirmamus.
599 3062 773 3145 Scripsisset
795 3063 902 3126 Cicero
929 3086 965 3125 nc
991 3062 1158 3145 defleamus.

199 3167 280 3228 Tum
300 3188 358 3249 pro
379 3169 558 3251 philologiae
586 3170 733 3231 Graevius
762 3169 894 3232 malebat
919 3191 936 3231 e
963 3193 1017 3232 ms.
1045 3170 1159 3232 Balliol.

195 3275 405 3357 philosophiae.
432 3276 478 3336 Nil
506 3277 646 3354 interest3
670 3299 742 3338 nans
771 3279 934 3359 philologio
960 3291 1003 3339 est
1030 3281 1160 3340 studium

198 3379 426 3464 philosophiae,
449 3393 486 3442 ut
505 3383 717 3446 animadvertit
737 3386 902 3447 Ernestius.

155 3485 175 3545 5
197 3487 362 3559 Nimirum,
384 3509 454 3571 pars
466 3492 558 3550 animi
573 3513 624 3564 ea,
645 3513 723 3573 quae
735 3491 829 3554 habet
841 3492 957 3575 aliquid
970 3497 1057 3552 inane
1073 3494 1160 3573 (quia
1210 3522 1213 3531 =

199 3593 310 3654 scilicet
330 3607 469 3656 movetur
490 3597 586 3659 laudis
607 3596 800 3680 dulcedine),
821 3621 858 3661 ea
876 3600 1007 3660 allinitur
1031 3598 1160 3680 quadam

200 3697 405 3761 delectatione.
426 3701 503 3762 Nam
523 3725 619 3765 vacua
639 3716 684 3765 est
705 3706 756 3766 illa
773 3728 861 3778 eura,
882 3727 920 3766 ne
941 3706 1078 3785 Pompeii
1099 3725 1160 3763 me-

199 3807 259 3873 rita
279 3809 394 3868 maiora
421 3809 594 3884 videantur,
622 3833 713 3894 quam
739 3825 850 3874 nostra.
878 3813 927 3873 Sic
952 3811 1033 3870 huno
1058 3811 1157 3870 locum
1191 3877 1193 3882 .

199 3911 414 3993 explicavimus
436 3937 504 3977 eum
525 3916 683 3993 Ernestio,
705 3922 892 3981 restituentes
920 3930 1019 3979 tamen
1045 3938 1159 4002 prono-
