2924 5002
344 355 436 447 332⁸
562 410 565 420 ·
706 389 977 442 snnorsrronns

385 519 434 570 ια,
455 520 481 578 7.
507 493 722 573 Transegrinus,
742 493 772 553 h.
794 483 852 565 elt,
880 514 942 554 rem
969 491 1166 574 perfecimus,
1193 496 1336 559 iudicium

380 603 574 665 absolvimus.
1263 689 1268 696 ”

339 711 446 788 4Val.
467 710 545 769 Max.
567 709 623 768 loc.
644 710 693 768 eit.
716 735 733 762 ιι
748 706 780 768 C.
802 708 934 767 Licinius
954 707 1073 779 Macer,
1093 712 1140 767 vir
1153 713 1339 790 praetorius,

382 846 399 873 ιι
420 816 504 876 Calvi
532 826 632 898 pater,
652 814 889 896 repetundarum
910 833 993 886 reus,
1013 814 1088 874 dum
1108 819 1271 876 sententiae
1291 815 1339 876 di·
1445 843 1446 850 ¹

381 951 398 980 ιι
419 934 556 984 cenentur
583 923 614 981 in
641 921 837 980 Maeuianum
865 921 1050 981 conscendit:
1072 921 1221 1003 siquidem
1242 945 1337 1004 quum

380 1057 397 1086 ιι
418 1030 459 1089 Μ.
482 1028 672 1098 Ciceronem,
693 1029 746 1108 qui
768 1026 804 1087 id.
820 1025 965 1087 iudicium
986 1027 1126 1108 cogebat,
1150 1039 1336 1110 praetextam

381 1165 398 1194 ιι
418 1147 580 1220 ponentem
601 1134 737 1206 vidisset,
757 1135 839 1194 misit
858 1133 898 1193 nd
917 1155 987 1194 eum
1008 1137 1060 1215 qui
1080 1134 1208 1207 diceret,
1228 1157 1335 1196 senon

379 1270 397 1300 ιι
417 1242 611 1313 damnatum,
631 1240 683 1301 sed
710 1259 796 1300 reum
817 1242 957 1322 periisse,
981 1261 1037 1300 nec
1057 1262 1110 1301 sua
1130 1239 1335 1310 bonslinstoe

378 1377 396 1406 ιι
417 1349 522 1409 subiici
534 1368 630 1431 posse.
647 1349 689 1407 Ac
705 1350 844 1428 protinus
855 1347 992 1419 sudario,
1004 1348 1089 1429 quod
1101 1348 1178 1408 forte
1192 1351 1224 1408 in
1243 1369 1335 1408 mann

379 1485 396 1513 ιι
416 1455 562 1526 habebnt,
582 1475 634 1515 ore
648 1465 678 1514 et
690 1453 827 1514 faucibus
841 1457 996 1525 coartatis,
1010 1455 1125 1515 incluso
1139 1457 1249 1536 spiritu
1262 1475 1333 1537 poe-

377 1592 395 1622 ιι
414 1585 486 1623 nam
506 1573 603 1623 morte
623 1563 799 1642 praecurrit.
821 1561 892 1638 Qun
913 1564 1086 1642 cognitore
1108 1561 1213 1621 Cicero
1235 1560 1274 1621 de
1297 1583 1332 1621 eo

379 1699 395 1728 ιι
415 1669 491 1730 nihil
503 1669 718 1752 pronuntiavit.
730 1693 748 1722 o
771 1667 1046 1728 contradictionem
1059 1667 1137 1727 hanc
1155 1670 1235 1727 inter
1248 1667 1333 1728 Cice·

375 1797 480 1837 nonem
501 1786 532 1836 et
551 1774 708 1838 Valerium
727 1773 830 1845 tolles,
851 1775 875 1833 si
890 1795 959 1833 cum
973 1773 1139 1834 Plutarcho
1152 1783 1249 1845 tenes,
1267 1774 1334 1834 Ma-

311 1854 316 1866 ι
375 1904 476 1954 crum,
497 1901 592 1962 quum
612 1882 702 1939 tacito
723 1878 852 1951 iudicio,
872 1878 932 1940 hoc
944 1891 1003 1951 est,
1015 1901 1076 1942 non
1096 1879 1244 1963 explicitis
1257 1879 1335 1940 iudi-

376 2009 444 2048 cum
466 1989 632 2058 sententiis,
655 1988 777 2045 sentiret
797 2007 828 2046 se
854 1985 1030 2048 damnatum
1055 1989 1107 2059 iri,
1127 1998 1258 2048 mortem
1280 1986 1334 2046 sihi

375 2095 561 2154 conscivisse.

334 2200 355 2261 5
373 2199 477 2282 Vulgo
495 2220 553 2282 per
581 2199 653 2260 mihi
672 2209 789 2278 gratum
808 2211 871 2272 est,
890 2213 919 2260 et
938 2211 1153 2271 ornamentum,
1174 2221 1254 2282 quae
1273 2221 1333 2260 non

372 2307 450 2368 bene
470 2306 646 2379 cohaerent,
666 2317 700 2366 ut
721 2309 781 2366 iam
809 2310 900 2367 sensit
918 2307 1083 2368 Ernestius.
1103 2305 1181 2366 Edd.
1203 2329 1252 2389 pr.
1272 2327 1332 2367 non

372 2413 486 2473 habent
511 2426 555 2488 εις
585 2415 686 2494 itaque
713 2413 760 2473 vel
788 2415 1037 2495 interpunctionis
1066 2414 1242 2474 mutatione
1265 2435 1329 2474 sen·
1409 2393 1411 2400 Ι

373 2541 422 2579 sus
442 2519 714 2581 accommodandus
731 2530 789 2592 est,
809 2521 858 2581 vel
878 2541 948 2580 curn
968 2520 1119 2582 Lambino
1134 2519 1325 2582 scribendum

371 2647 427 2707 per
444 2629 515 2688 utili
530 2639 646 2706 patum
665 2641 709 2688 est
727 2641 936 2688 commentum.

332 2731 353 2792 6
374 2733 424 2793 Sic
451 2732 523 2815 legit
543 2733 680 2794 Faiirnus
702 2753 771 2794 eum
792 2733 1018 2796 recentioribus.
1039 2732 1148 2794 Ambb.
1175 2755 1185 2792 r
1211 2743 1240 2794 et
1262 2751 1278 2792 2
1301 2742 1329 2790 et

372 2838 437 2900 edd.
458 2851 529 2901 vett.
550 2861 611 2900 non
633 2840 749 2902 habent
769 2863 823 2902 mc

810 3083 847 3141 X.

209 3329 223 3338 ⁵
334 3285 345 3324 r
370 3267 439 3343 Qua
459 3267 570 3346 scilicet
589 3268 777 3329 consulatum
798 3273 947 3351 petiturus
968 3280 1033 3329 erat
1053 3290 1132 3328 anno
1154 3289 1217 3350 seq.

330 3391 348 3430 2
369 3371 499 3454 Propter
518 3372 652 3434 defensas
673 3376 839 3436 multorum
860 3397 971 3436 causas.
1293 3441 1296 3447 ,

329 3477 347 3538 3
368 3477 445 3538 Edd.
466 3481 526 3539 len.
547 3501 581 3540 eo
601 3484 665 3563 ipso
685 3481 741 3542 die.
762 3483 833 3542 Mox
855 3505 919 3543 var.
940 3481 1006 3542 Ald.
1027 3483 1235 3562 cogitabamus.
1356 3459 1358 3466 Ι

327 3569 435 3661 4Ηοο
461 3598 524 3659 est,
552 3608 588 3648 eo
609 3599 764 3671 tempore,
793 3609 854 3671 quo
882 3587 985 3650 habita
1013 3601 1110 3650 essent
1136 3591 1261 3650 comitia
1286 3586 1321 3646 ed

367 3693 510 3754 creandos
532 3693 668 3755 tribunos
689 3696 729 3778 pl.

224 3838 225 3846 ι
327 3795 348 3856 5
368 3798 458 3860 Certo
478 3804 610 3882 petituri.
632 3803 712 3862 Tum
733 3802 778 3863 ed.
800 3800 866 3864 Ald.
887 3815 916 3864 et
936 3803 1020 3864 olior.
1042 3802 1221 3866 videbantur.

326 3901 347 3962 6
367 3903 487 3968 Scilicet
507 3911 736 3991 competitorem
756 3910 901 3970 futurum.
