2924 5002
321 392 391 465 262
674 406 847 462 crisconi
871 355 979 462 nutris
1101 412 1132 463 s.
1152 415 1185 464 v.
1203 415 1231 460 c.
1250 410 1300 476 ⁶94

317 517 513 617 ἀφιλόδοξον,
538 512 687 606 (bellum
714 529 768 587 est
798 515 891 588 enim
925 541 988 588 sua
1014 516 1098 590 vitia
1132 529 1254 608 nosse)
1287 518 1324 590 id

317 641 468 716 allicitur
492 641 644 742 quadam
683 639 917 712 delectatione
934 642 959 712 ⁵.
984 639 1127 714 Solebat
1150 643 1246 715 euim
1269 669 1324 716 me

317 793 489 869 pungere,
513 792 560 840 ne
585 765 859 867 Sampsicerami
883 767 1006 841 merita
1030 767 1068 840 iu
1092 769 1245 868 patriam
1279 770 1324 842 ad

317 919 429 996 annos
453 893 517 968 DG
542 893 678 966 maiora
705 891 925 988 viderentur,
950 919 1054 995 quam
1082 908 1212 967 nostra.
1246 896 1323 968 Hac

318 997 463 1123 quidem
488 1047 572 1098 cura
602 1034 698 1095 certe
730 1021 802 1092 iam
827 1046 978 1094 vacuum
1011 1033 1073 1094 est
1105 998 1202 1093 Iacet
1233 1022 1327 1092 enim

318 1146 410 1220 ittet
434 1148 504 1246 sic,
528 1161 569 1221 ut
593 1160 707 1226 πτῶσις
733 1147 887 1221 Curiana
913 1160 1006 1220 stare
1032 1145 1200 1220 videatur.

370 1273 392 1346 3
419 1272 489 1346 Sed
513 1272 602 1345 haec
630 1297 758 1347 coram.
783 1273 840 1347 Tu
867 1286 986 1345 tamen
1004 1272 1132 1346 videris
1151 1271 1239 1345 mihi
1256 1273 1327 1346 Ro·
1448 1367 1449 1377 ἵ

319 1424 397 1472 mae
422 1398 497 1472 lore
523 1399 569 1472 ad
587 1413 747 1473 nostrum
765 1398 966 1474 adventum.
995 1397 1104 1492 Quod
1119 1423 1203 1471 sane
1224 1398 1326 1472 facile

320 1526 454 1625 patiar,
479 1525 509 1598 si
527 1539 590 1598 tuo
609 1525 799 1599 commodo
825 1525 899 1598 fieri
924 1525 1046 1625 possit.
1072 1523 1149 1623 Sin,
1173 1536 1214 1597 ut
1247 1526 1328 1597 seri-

319 1648 375 1742 bis
386 1706 398 1750 7
428 1651 477 1725 ita
511 1652 646 1724 venies:
685 1649 792 1725 velim
824 1677 844 1724 e
875 1650 1094 1752 Theophane
1126 1651 1330 1751 expiscere,

321 1802 476 1877 quonam
508 1778 546 1849 iu
579 1803 635 1850 me
668 1779 785 1850 animo
820 1777 866 1850 sit
889 1776 1103 1852 Alabarches
1120 1796 1144 1848 7.
1170 1778 1329 1880 Quaeres

321 1901 471 2002 scilicet,
496 1916 537 1974 ut
561 1901 652 1976 soles
676 1908 754 1972 κατὰ
779 1909 813 1974 τὸ
838 1905 1049 1998 κηδεμονικὸν,
1074 1902 1181 1976 etad
1206 1927 1264 1978 me
1280 1903 1326 1978 ab

321 2050 365 2100 eo
390 2028 490 2128 quasi
516 2031 674 2109 ὑποθήκας
700 2027 836 2129 afferes,
862 2028 1159 2132 quemadmodum
1184 2055 1243 2102 me
1268 2055 1326 2129 ge·

320 2177 405 2227 ram.
430 2151 573 2254 Aliquid
597 2177 640 2242 ex
665 2154 738 2228 cius
763 2172 924 2231 sermone
949 2157 1142 2256 poterimus
1172 2158 1241 2252 repr·
1266 2167 1325 2227 rou

322 2281 396 2390 uiua
421 2279 598 2383 suspicari.

754 2532 884 2610 xciv.
1018 2657 1020 2660 Ι
1071 2574 1300 2633 (mm)

322 2705 542 2788 Argumentum.
567 2728 577 2770 1
603 2707 708 2788 Quum
720 2681 849 2778 xAtticus
870 2712 902 2771 in
921 2709 1052 2794 Epirum
1073 2711 1227 2794 profectus
1253 2713 1327 2773 scire

361 2825 466 2876 averet
485 2814 558 2897 quid
578 2827 655 2878 esset
667 2821 754 2890 novi,
769 2817 875 2878 Cicero
889 2816 1082 2900 desperatum
1097 2837 1161 2878 esse
1176 2818 1220 2878 rei
1242 2816 1328 2902 publ.

197 2987 201 2997 ¹
271 2983 274 2988 ,
362 2931 472 2981 statum
493 2920 610 2998 scribit3
631 2943 649 2982 2
670 2923 708 2985 de
721 2925 922 2985 exsecratione
936 2923 1101 2986 candidatis
1125 2925 1281 3006 imposita,
1303 2925 1329 2984 si

362 3027 392 3085 in
414 3029 558 3090 concione
578 3032 763 3092 mentionem
788 3031 931 3103 fecerim,
956 3052 1018 3114 quo
1038 3031 1126 3092 aliter
1153 3031 1329 3114 Campanus

362 3153 435 3214 ager
454 3136 657 3216 possideatur,
673 3149 765 3220 atque
778 3159 814 3200 ex
827 3136 944 3220 legibus
959 3137 1057 3213 luliis3
1078 3139 1097 3198 3
1117 3137 1156 3212 de
1176 3138 1329 3220 legatione

362 3238 529 3302 accesere
548 3241 604 3304 sibi
624 3243 740 3321 oblata3
759 3246 780 3323 4
798 3245 838 3306 de
859 3244 956 3306 Statio
976 3265 995 3306 a
1014 3245 1108 3307 fratre
1128 3246 1330 3306 manumisso.

386 3427 392 3436 ’
481 3419 536 3474 Ser.
554 3421 650 3480 nomae
667 3425 699 3476 Δ.
716 3423 751 3480 V.
768 3423 798 3480 C.
815 3424 957 3496 naxon,
973 3441 1055 3480 mem.
1074 3424 1158 3482 lunio.

637 3593 782 3664 CICERO
805 3593 956 3664 ATTICO
981 3595 1012 3662 S.

377 3807 390 3856 1
420 3773 555 3888 Accepi
571 3782 704 3888 aliquot
720 3785 886 3886 epistolas
911 3797 1007 3884 tuas,
1033 3784 1160 3887 quibus
1188 3785 1324 3860 intelle·

321 3907 371 4006 xi,
396 3934 502 4012 quam
519 3937 689 4016 suspenso
714 3913 831 3990 animo
856 3925 893 3988 et
917 3910 1055 3990 solicito
1072 3912 1161 3987 scire
1179 3938 1322 4008 averes,
