<?xml version="1.0" encoding="UTF-8"?>
<!DOCTYPE html PUBLIC "-//W3C//DTD XHTML 1.0 Transitional//EN"
    "http://www.w3.org/TR/xhtml1/DTD/xhtml1-transitional.dtd">
<html xmlns="http://www.w3.org/1999/xhtml" xml:lang="en" lang="en">
 <head>
  <title>
</title>
<meta http-equiv="Content-Type" content="text/html;charset=utf-8" />
  <meta name='ocr-system' content='tesseract 3.04.00' />
  <meta name='ocr-capabilities' content='ocr_page ocr_carea ocr_par ocr_line ocrx_word'/>
</head>
<body>
  <div class='ocr_page' id='page_1' title='image "./mtulliiciceroni76cicegoog/mtulliiciceroni76cicegoog_0127.png"; bbox 0 0 2882 5002; ppageno 0'>
   <div class='ocr_carea' id='block_1_1' title="bbox 314 403 1326 2248">
    <p class='ocr_par' dir='ltr' id='par_1_1' title="bbox 324 403 1294 484">
     <span class='ocr_line' id='line_1_1' title="bbox 324 403 1294 484; baseline -0.001 -29"><span class='ocrx_word' id='word_1_1' title='bbox 324 405 373 484; x_wconf 85' lang='lat'>90</span> <span class='ocrx_word' id='word_1_2' title='bbox 685 404 856 454; x_wconf 71' lang='lat' dir='ltr'>errsronr</span> <span class='ocrx_word' id='word_1_3' title='bbox 882 407 951 453; x_wconf 77' lang='lat' dir='ltr'>xxi.</span> <span class='ocrx_word' id='word_1_4' title='bbox 1102 403 1133 453; x_wconf 78' lang='lat' dir='ltr'>A.</span> <span class='ocrx_word' id='word_1_5' title='bbox 1148 407 1182 452; x_wconf 86' lang='lat' dir='ltr'>v.</span> <span class='ocrx_word' id='word_1_6' title='bbox 1201 405 1229 452; x_wconf 87' lang='lat' dir='ltr'>e.</span> <span class='ocrx_word' id='word_1_7' title='bbox 1246 405 1294 468; x_wconf 71' lang='lat'>⁶92</span> 
     </span>
    </p>

    <p class='ocr_par' dir='ltr' id='par_1_2' title="bbox 314 503 1326 2248">
     <span class='ocr_line' id='line_1_2' title="bbox 323 503 1316 598; baseline 0 -16"><span class='ocrx_word' id='word_1_8' title='bbox 323 507 540 582; x_wconf 80' lang='lat' dir='ltr'>ostentorint</span> <span class='ocrx_word' id='word_1_9' title='bbox 573 507 673 598; x_wconf 82' lang='lat' dir='ltr'>Quae</span> <span class='ocrx_word' id='word_1_10' title='bbox 704 506 791 578; x_wconf 86' lang='lat' dir='ltr'>mihi</span> <span class='ocrx_word' id='word_1_11' title='bbox 814 531 871 580; x_wconf 89' lang='lat' dir='ltr'>res</span> <span class='ocrx_word' id='word_1_12' title='bbox 895 505 1007 578; x_wconf 89' lang='lat' dir='ltr'>multo</span> <span class='ocrx_word' id='word_1_13' title='bbox 1032 503 1316 584; x_wconf 83' lang='lat' dir='ltr'>honorificentior</span> 
     </span>
     <span class='ocr_line' id='line_1_3' title="bbox 322 631 1326 735; baseline -0.003 -26"><span class='ocrx_word' id='word_1_14' title='bbox 322 636 397 732; x_wconf 85' lang='lat' dir='ltr'>visa</span> <span class='ocrx_word' id='word_1_15' title='bbox 423 647 491 734; x_wconf 90' lang='lat' dir='ltr'>est,</span> <span class='ocrx_word' id='word_1_16' title='bbox 516 657 622 734; x_wconf 82' lang='lat' dir='ltr'>quarn</span> <span class='ocrx_word' id='word_1_17' title='bbox 647 641 715 704; x_wconf 85' lang='lat' dir='ltr'>aut</span> <span class='ocrx_word' id='word_1_18' title='bbox 730 631 806 731; x_wconf 83' lang='lat' dir='ltr'>illa,</span> <span class='ocrx_word' id='word_1_19' title='bbox 832 658 940 733; x_wconf 91' lang='lat' dir='ltr'>quum</span> <span class='ocrx_word' id='word_1_20' title='bbox 963 633 1077 704; x_wconf 83' lang='lat' dir='ltr'>iurare</span> <span class='ocrx_word' id='word_1_21' title='bbox 1103 633 1155 704; x_wconf 91' lang='lat' dir='ltr'>tui</span> <span class='ocrx_word' id='word_1_22' title='bbox 1181 634 1274 707; x_wconf 86' lang='lat' dir='ltr'>cives</span> <span class='ocrx_word' id='word_1_23' title='bbox 1287 637 1326 735; x_wconf 21' lang='lat'>¹⁵,</span> 
     </span>
     <span class='ocr_line' id='line_1_4' title="bbox 321 737 1316 868; baseline -0.001 -34"><span class='ocrx_word' id='word_1_24' title='bbox 321 737 560 868; x_wconf 84' lang='lat' dir='ltr'>Xenocratem</span> <span class='ocrx_word' id='word_1_25' title='bbox 584 759 824 832; x_wconf 90' lang='lat' dir='ltr'>testimonium</span> <span class='ocrx_word' id='word_1_26' title='bbox 850 757 1025 832; x_wconf 84' lang='lat' dir='ltr'>dicentem</span> <span class='ocrx_word' id='word_1_27' title='bbox 1049 758 1316 860; x_wconf 69' lang='lat' dir='ltr'>prohibuerunt,</span> 
     </span>
     <span class='ocr_line' id='line_1_5' title="bbox 322 883 1315 990; baseline -0.002 -30"><span class='ocrx_word' id='word_1_28' title='bbox 322 901 384 960; x_wconf 83' lang='lat' dir='ltr'>aut</span> <span class='ocrx_word' id='word_1_29' title='bbox 408 913 516 990; x_wconf 91' lang='lat' dir='ltr'>quum</span> <span class='ocrx_word' id='word_1_30' title='bbox 541 885 678 959; x_wconf 78' lang='lat' dir='ltr'>tabulas</span> <span class='ocrx_word' id='word_1_31' title='bbox 704 884 837 958; x_wconf 82' lang='lat' dir='ltr'>Metelli</span> <span class='ocrx_word' id='word_1_32' title='bbox 861 883 1064 985; x_wconf 73' lang='lat' dir='ltr'><strong>Numidici,</strong></span> <span class='ocrx_word' id='word_1_33' title='bbox 1097 911 1204 990; x_wconf 84' lang='lat' dir='ltr'>quum</span> <span class='ocrx_word' id='word_1_34' title='bbox 1229 885 1315 987; x_wconf 83' lang='lat' dir='ltr'>hae,</span> 
     </span>
     <span class='ocr_line' id='line_1_6' title="bbox 320 989 1315 1112; baseline -0.003 -25"><span class='ocrx_word' id='word_1_35' title='bbox 320 1025 362 1087; x_wconf 88' lang='lat' dir='ltr'>ut</span> <span class='ocrx_word' id='word_1_36' title='bbox 384 1037 461 1086; x_wconf 91' lang='lat' dir='ltr'>mos</span> <span class='ocrx_word' id='word_1_37' title='bbox 487 1025 556 1111; x_wconf 81' lang='lat' dir='ltr'>est,</span> <span class='ocrx_word' id='word_1_38' title='bbox 581 989 899 1110; x_wconf 84' lang='lat' dir='ltr'>circumferrentur,</span> <span class='ocrx_word' id='word_1_39' title='bbox 931 1009 1043 1084; x_wconf 87' lang='lat' dir='ltr'>nostri</span> <span class='ocrx_word' id='word_1_40' title='bbox 1067 1009 1200 1084; x_wconf 88' lang='lat' dir='ltr'>iudices</span> <span class='ocrx_word' id='word_1_41' title='bbox 1226 1013 1315 1112; x_wconf 88' lang='lat' dir='ltr'>aspi-</span> 
     </span>
     <span class='ocr_line' id='line_1_7' title="bbox 320 1135 1314 1238; baseline 0 -28"><span class='ocrx_word' id='word_1_42' title='bbox 320 1163 399 1212; x_wconf 88' lang='lat' dir='ltr'>cere</span> <span class='ocrx_word' id='word_1_43' title='bbox 423 1136 618 1214; x_wconf 86' lang='lat' dir='ltr'>noluerunt.</span> <span class='ocrx_word' id='word_1_44' title='bbox 645 1135 759 1220; x_wconf 86' lang='lat' dir='ltr'>Multo</span> <span class='ocrx_word' id='word_1_45' title='bbox 784 1135 893 1236; x_wconf 82' lang='lat' dir='ltr'>haec„</span> <span class='ocrx_word' id='word_1_46' title='bbox 924 1136 1089 1238; x_wconf 88' lang='lat' dir='ltr'>inquam,</span> <span class='ocrx_word' id='word_1_47' title='bbox 1118 1150 1238 1209; x_wconf 83' lang='lat' dir='ltr'>nostra</span> <span class='ocrx_word' id='word_1_48' title='bbox 1263 1165 1314 1228; x_wconf 78' lang='lat' dir='ltr'>res</span> 
     </span>
     <span class='ocr_line' id='line_1_8' title="bbox 319 1261 1313 1365; baseline 0 -29"><span class='ocrx_word' id='word_1_49' title='bbox 319 1263 440 1336; x_wconf 86' lang='lat' dir='ltr'>maior.</span> <span class='ocrx_word' id='word_1_50' title='bbox 465 1266 588 1365; x_wconf 86' lang='lat' dir='ltr'>Itaque</span> <span class='ocrx_word' id='word_1_51' title='bbox 612 1262 770 1336; x_wconf 89' lang='lat' dir='ltr'>iudicum</span> <span class='ocrx_word' id='word_1_52' title='bbox 793 1261 953 1361; x_wconf 86' lang='lat' dir='ltr'>vocibus,</span> <span class='ocrx_word' id='word_1_53' title='bbox 971 1287 1081 1364; x_wconf 88' lang='lat' dir='ltr'>quum</span> <span class='ocrx_word' id='word_1_54' title='bbox 1105 1287 1170 1359; x_wconf 84' lang='lat' dir='ltr'>ego</span> <span class='ocrx_word' id='word_1_55' title='bbox 1196 1264 1247 1337; x_wconf 89' lang='lat' dir='ltr'>sic</span> <span class='ocrx_word' id='word_1_56' title='bbox 1272 1263 1313 1336; x_wconf 82' lang='lat' dir='ltr'>ab</span> 
     </span>
     <span class='ocr_line' id='line_1_9' title="bbox 318 1373 1314 1490; baseline 0.001 -29"><span class='ocrx_word' id='word_1_57' title='bbox 318 1390 379 1489; x_wconf 90' lang='lat' dir='ltr'>iis,</span> <span class='ocrx_word' id='word_1_58' title='bbox 402 1373 559 1463; x_wconf 48' lang='lat' dir='ltr'>u&#39;t&#39;salus</span> <span class='ocrx_word' id='word_1_59' title='bbox 584 1391 736 1490; x_wconf 80' lang='lat' dir='ltr'>patriae,</span> <span class='ocrx_word' id='word_1_60' title='bbox 762 1388 982 1485; x_wconf 88' lang='lat' dir='ltr'>defenderer,</span> <span class='ocrx_word' id='word_1_61' title='bbox 1005 1391 1136 1462; x_wconf 82' lang='lat' dir='ltr'>fractus</span> <span class='ocrx_word' id='word_1_62' title='bbox 1159 1415 1258 1486; x_wconf 87' lang='lat' dir='ltr'>reus,</span> <span class='ocrx_word' id='word_1_63' title='bbox 1284 1403 1314 1462; x_wconf 90' lang='lat' dir='ltr'>et</span> 
     </span>
     <span class='ocr_line' id='line_1_10' title="bbox 317 1490 1314 1616; baseline 0 -29"><span class='ocrx_word' id='word_1_64' title='bbox 317 1516 388 1588; x_wconf 81' lang='lat' dir='ltr'>una</span> <span class='ocrx_word' id='word_1_65' title='bbox 413 1515 554 1616; x_wconf 88' lang='lat' dir='ltr'>patroni</span> <span class='ocrx_word' id='word_1_66' title='bbox 591 1541 727 1588; x_wconf 56' lang='lat' dir='ltr'>omnes*</span> <span class='ocrx_word' id='word_1_67' title='bbox 751 1513 988 1588; x_wconf 88' lang='lat' dir='ltr'>conciderunt.</span> <span class='ocrx_word' id='word_1_68' title='bbox 1026 1514 1085 1587; x_wconf 86' lang='lat' dir='ltr'>Ad</span> <span class='ocrx_word' id='word_1_69' title='bbox 1115 1490 1178 1586; x_wconf 91' lang='lat' dir='ltr'>me</span> <span class='ocrx_word' id='word_1_70' title='bbox 1199 1529 1314 1588; x_wconf 86' lang='lat' dir='ltr'>autem</span> 
     </span>
     <span class='ocr_line' id='line_1_11' title="bbox 318 1640 1314 1744; baseline -0.003 -29"><span class='ocrx_word' id='word_1_71' title='bbox 318 1641 442 1735; x_wconf 75' lang='lat' dir='ltr'>eadem</span> <span class='ocrx_word' id='word_1_72' title='bbox 483 1642 676 1744; x_wconf 85' lang='lat' dir='ltr'>frequentia</span> <span class='ocrx_word' id='word_1_73' title='bbox 718 1640 904 1741; x_wconf 83' lang='lat' dir='ltr'>postridie</span> <span class='ocrx_word' id='word_1_74' title='bbox 931 1641 1122 1740; x_wconf 85' lang='lat' dir='ltr'>convenit,</span> <span class='ocrx_word' id='word_1_75' title='bbox 1165 1667 1314 1742; x_wconf 86' lang='lat' dir='ltr'>quacum</span> 
     </span>
     <span class='ocr_line' id='line_1_12' title="bbox 316 1764 1312 1852; baseline -0.001 -11"><span class='ocrx_word' id='word_1_76' title='bbox 316 1767 440 1852; x_wconf 62' lang='lat' dir='ltr'>‚abiens</span> <span class='ocrx_word' id='word_1_77' title='bbox 455 1767 649 1844; x_wconf 72' lang='lat' dir='ltr'>,consulatu</span> <span class='ocrx_word' id='word_1_78' title='bbox 675 1795 752 1840; x_wconf 92' lang='lat' dir='ltr'>sum</span> <span class='ocrx_word' id='word_1_79' title='bbox 779 1767 925 1840; x_wconf 92' lang='lat' dir='ltr'>domum</span> <span class='ocrx_word' id='word_1_80' title='bbox 948 1765 1121 1839; x_wconf 91' lang='lat' dir='ltr'>reductus.</span> <span class='ocrx_word' id='word_1_81' title='bbox 1155 1764 1312 1840; x_wconf 86' lang='lat' dir='ltr'>Clamare</span> 
     </span>
     <span class='ocr_line' id='line_1_13' title="bbox 315 1878 1313 1995; baseline -0.002 -27"><span class='ocrx_word' id='word_1_82' title='bbox 315 1894 486 1994; x_wconf 82' lang='lat' dir='ltr'>praeclari</span> <span class='ocrx_word' id='word_1_83' title='bbox 517 1895 741 1995; x_wconf 78' lang='lat' dir='ltr'>Ariopagitae</span> <span class='ocrx_word' id='word_1_84' title='bbox 761 1897 810 1992; x_wconf 78' lang='lat'>¹⁶,</span> <span class='ocrx_word' id='word_1_85' title='bbox 840 1878 878 1966; x_wconf 87' lang='lat' dir='ltr'>se</span> <span class='ocrx_word' id='word_1_86' title='bbox 910 1918 983 1966; x_wconf 87' lang='lat' dir='ltr'>non</span> <span class='ocrx_word' id='word_1_87' title='bbox 1020 1919 1095 1966; x_wconf 92' lang='lat' dir='ltr'>esse</span> <span class='ocrx_word' id='word_1_88' title='bbox 1127 1907 1313 1992; x_wconf 89' lang='lat' dir='ltr'>venturos,</span> 
     </span>
     <span class='ocr_line' id='line_1_14' title="bbox 314 1999 1314 2120; baseline 0 -28"><span class='ocrx_word' id='word_1_89' title='bbox 314 2022 383 2092; x_wconf 89' lang='lat' dir='ltr'>nisi</span> <span class='ocrx_word' id='word_1_90' title='bbox 406 2020 583 2120; x_wconf 83' lang='lat' dir='ltr'>praesidio</span> <span class='ocrx_word' id='word_1_91' title='bbox 618 2021 818 2094; x_wconf 88' lang='lat' dir='ltr'>constituto.</span> <span class='ocrx_word' id='word_1_92' title='bbox 851 2018 1010 2100; x_wconf 78' lang='lat' dir='ltr'>Refertur</span> <span class='ocrx_word' id='word_1_93' title='bbox 1026 1999 1086 2092; x_wconf 30' lang='lat' dir='ltr'>&#39;ad</span> <span class='ocrx_word' id='word_1_94' title='bbox 1111 2019 1314 2092; x_wconf 88' lang='lat' dir='ltr'>consilium:</span> 
     </span>
     <span class='ocr_line' id='line_1_15' title="bbox 315 2143 1313 2248; baseline -0.003 -30"><span class='ocrx_word' id='word_1_95' title='bbox 315 2171 386 2219; x_wconf 87' lang='lat' dir='ltr'>una</span> <span class='ocrx_word' id='word_1_96' title='bbox 419 2147 506 2224; x_wconf 86' lang='lat' dir='ltr'>sola¹</span> <span class='ocrx_word' id='word_1_97' title='bbox 527 2148 701 2220; x_wconf 83' lang='lat' dir='ltr'>sententia</span> <span class='ocrx_word' id='word_1_98' title='bbox 737 2145 950 2248; x_wconf 83' lang='lat' dir='ltr'>praesidium</span> <span class='ocrx_word' id='word_1_99' title='bbox 982 2171 1057 2218; x_wconf 90' lang='lat' dir='ltr'>non</span> <span class='ocrx_word' id='word_1_100' title='bbox 1094 2143 1313 2244; x_wconf 80' lang='lat' dir='ltr'>desideravit.</span> 
     </span>
    </p>
   </div>
   <div class='ocr_carea' id='block_1_2' title="bbox 126 2273 1314 2374">
    <p class='ocr_par' dir='ltr' id='par_1_3' title="bbox 126 2273 1314 2374">
     <span class='ocr_line' id='line_1_16' title="bbox 126 2273 1314 2374; baseline -0.003 -27"><span class='ocrx_word' id='word_1_101' title='bbox 126 2354 138 2374; x_wconf 61' lang='lat'><strong><em>„</em></strong></span> <span class='ocrx_word' id='word_1_102' title='bbox 209 2307 212 2312; x_wconf 94' lang='lat'>·</span> <span class='ocrx_word' id='word_1_103' title='bbox 314 2273 477 2347; x_wconf 83' lang='lat' dir='ltr'>Defertur</span> <span class='ocrx_word' id='word_1_104' title='bbox 507 2300 562 2347; x_wconf 91' lang='lat' dir='ltr'>res</span> <span class='ocrx_word' id='word_1_105' title='bbox 596 2274 642 2347; x_wconf 90' lang='lat' dir='ltr'>ad</span> <span class='ocrx_word' id='word_1_106' title='bbox 675 2287 859 2372; x_wconf 71' lang='lat' dir='ltr'>senatum,</span> <span class='ocrx_word' id='word_1_107' title='bbox 901 2273 1100 2372; x_wconf 85' lang='lat' dir='ltr'>gravissime</span> <span class='ocrx_word' id='word_1_108' title='bbox 1137 2273 1314 2346; x_wconf 82' lang='lat' dir='ltr'>ornatissi-</span> 
     </span>
    </p>
   </div>
   <div class='ocr_carea' id='block_1_3' title="bbox 296 2392 1322 4018">
    <p class='ocr_par' dir='ltr' id='par_1_4' title="bbox 296 2392 1322 4018">
     <span class='ocr_line' id='line_1_17' title="bbox 315 2392 1314 2501; baseline 0.002 -31"><span class='ocrx_word' id='word_1_109' title='bbox 315 2423 441 2501; x_wconf 87' lang='lat' dir='ltr'>meque</span> <span class='ocrx_word' id='word_1_110' title='bbox 474 2392 686 2500; x_wconf 77' lang='lat' dir='ltr'>dece&#39;r11irur5</span> <span class='ocrx_word' id='word_1_111' title='bbox 717 2399 905 2475; x_wconf 85' lang='lat' dir='ltr'>laudantur</span> <span class='ocrx_word' id='word_1_112' title='bbox 938 2397 1088 2498; x_wconf 76' lang='lat' dir='ltr'>iudices,</span> <span class='ocrx_word' id='word_1_113' title='bbox 1121 2398 1225 2488; x_wconf 82' lang='lat' dir='ltr'>datur</span> <span class='ocrx_word' id='word_1_114' title='bbox 1256 2425 1314 2472; x_wconf 89' lang='lat' dir='ltr'>ne-</span> 
     </span>
     <span class='ocr_line' id='line_1_18' title="bbox 315 2525 1315 2628; baseline 0.004 -32"><span class='ocrx_word' id='word_1_115' title='bbox 315 2525 449 2624; x_wconf 85' lang='lat' dir='ltr'>gotium</span> <span class='ocrx_word' id='word_1_116' title='bbox 468 2542 496 2593; x_wconf 78' lang='grc' dir='ltr'>ι7</span> <span class='ocrx_word' id='word_1_117' title='bbox 529 2527 809 2627; x_wconf 68' lang='lat' dir='ltr'>magistratibus,</span> <span class='ocrx_word' id='word_1_118' title='bbox 848 2553 1100 2628; x_wconf 87' lang='lat' dir='ltr'>responsurum</span> <span class='ocrx_word' id='word_1_119' title='bbox 1135 2525 1315 2600; x_wconf 86' lang='lat' dir='ltr'>hominem</span> 
     </span>
     <span class='ocr_line' id='line_1_19' title="bbox 309 2653 1314 2750; baseline -0.002 -26"><span class='ocrx_word' id='word_1_120' title='bbox 309 2676 418 2738; x_wconf 47' lang='lat' dir='ltr'>,nemo</span> <span class='ocrx_word' id='word_1_121' title='bbox 437 2653 694 2747; x_wconf 74' lang='lat' dir='ltr'>,arbitrabatun</span> <span class='ocrx_word' id='word_1_122' title='bbox 716 2659 862 2736; x_wconf 82' lang='grc' dir='ltr'>ΙἝσπετε</span> <span class='ocrx_word' id='word_1_123' title='bbox 886 2664 937 2724; x_wconf 83' lang='grc' dir='ltr'>νῦν</span> <span class='ocrx_word' id='word_1_124' title='bbox 963 2685 1030 2750; x_wconf 75' lang='grc' dir='ltr'>μοι,</span> <span class='ocrx_word' id='word_1_125' title='bbox 1045 2663 1183 2748; x_wconf 74' lang='grc' dir='ltr'>μοῦσαι,</span> <span class='ocrx_word' id='word_1_126' title='bbox 1215 2665 1314 2732; x_wconf 84' lang='grc' dir='ltr'><em>ὅππως</em></span> 
     </span>
     <span class='ocr_line' id='line_1_20' title="bbox 310 2778 1314 2880; baseline 0.006 -32"><span class='ocrx_word' id='word_1_127' title='bbox 310 2779 351 2851; x_wconf 70' lang='grc' dir='ltr'>δὴ</span> <span class='ocrx_word' id='word_1_128' title='bbox 379 2791 494 2873; x_wconf 79' lang='grc' dir='ltr'><em>πρῶτον</em></span> <span class='ocrx_word' id='word_1_129' title='bbox 518 2791 577 2876; x_wconf 73' lang='grc' dir='ltr'>πῦρ</span> <span class='ocrx_word' id='word_1_130' title='bbox 604 2789 722 2874; x_wconf 68' lang='grc' dir='ltr'>ἔμπεσε.</span> <span class='ocrx_word' id='word_1_131' title='bbox 749 2781 852 2858; x_wconf 86' lang='lat' dir='ltr'>Nosti</span> <span class='ocrx_word' id='word_1_132' title='bbox 877 2778 1047 2880; x_wconf 82' lang='lat' dir='ltr'>Calvum,</span> <span class='ocrx_word' id='word_1_133' title='bbox 1074 2807 1117 2854; x_wconf 85' lang='lat' dir='ltr'>ex</span> <span class='ocrx_word' id='word_1_134' title='bbox 1141 2781 1314 2854; x_wconf 85' lang='lat' dir='ltr'>Nanneia-</span> 
     </span>
     <span class='ocr_line' id='line_1_21' title="bbox 312 2896 1313 3006; baseline 0.004 -32"><span class='ocrx_word' id='word_1_135' title='bbox 312 2902 369 2974; x_wconf 85' lang='lat' dir='ltr'>nis</span> <span class='ocrx_word' id='word_1_136' title='bbox 392 2903 490 2976; x_wconf 88' lang='lat' dir='ltr'>illum</span> <span class='ocrx_word' id='word_1_137' title='bbox 510 2905 556 3004; x_wconf 78' lang='lat'>¹⁸,</span> <span class='ocrx_word' id='word_1_138' title='bbox 587 2905 686 2978; x_wconf 90' lang='lat' dir='ltr'>illum</span> <span class='ocrx_word' id='word_1_139' title='bbox 705 2903 713 2938; x_wconf 56' lang='lat'><em>³</em></span> <span class='ocrx_word' id='word_1_140' title='bbox 721 2896 948 2979; x_wconf 80' lang='lat' dir='ltr'>laudatorem</span> <span class='ocrx_word' id='word_1_141' title='bbox 976 2933 1115 3006; x_wconf 85' lang='lat' dir='ltr'>meum,</span> <span class='ocrx_word' id='word_1_142' title='bbox 1145 2906 1189 2980; x_wconf 94' lang='lat' dir='ltr'>de</span> <span class='ocrx_word' id='word_1_143' title='bbox 1215 2910 1313 2980; x_wconf 89' lang='lat' dir='ltr'>cuius</span> 
     </span>
     <span class='ocr_line' id='line_1_22' title="bbox 312 3029 1317 3138; baseline 0.008 -40"><span class='ocrx_word' id='word_1_144' title='bbox 312 3029 471 3100; x_wconf 86' lang='lat' dir='ltr'>oratione</span> <span class='ocrx_word' id='word_1_145' title='bbox 496 3054 575 3127; x_wconf 86' lang='lat' dir='ltr'>erga</span> <span class='ocrx_word' id='word_1_146' title='bbox 597 3057 657 3103; x_wconf 56' lang='lat' dir='ltr'>&#39;me</span> <span class='ocrx_word' id='word_1_147' title='bbox 679 3030 874 3138; x_wconf 81' lang='lat' dir='ltr'>honorifica</span> <span class='ocrx_word' id='word_1_148' title='bbox 899 3030 945 3106; x_wconf 76' lang='lat' dir='ltr'>ed</span> <span class='ocrx_word' id='word_1_149' title='bbox 969 3045 1005 3104; x_wconf 86' lang='lat' dir='ltr'>te</span> <span class='ocrx_word' id='word_1_150' title='bbox 1023 3034 1239 3134; x_wconf 83' lang='lat' dir='ltr'>scripseram.</span> <span class='ocrx_word' id='word_1_151' title='bbox 1257 3035 1317 3108; x_wconf 90' lang='lat' dir='ltr'>Bi-</span> 
     </span>
     <span class='ocr_line' id='line_1_23' title="bbox 306 3133 1315 3262; baseline 0.009 -39"><span class='ocrx_word' id='word_1_152' title='bbox 306 3151 383 3225; x_wconf 88' lang='lat' dir='ltr'>&#39;duo</span> <span class='ocrx_word' id='word_1_153' title='bbox 415 3181 480 3255; x_wconf 91' lang='lat' dir='ltr'>per</span> <span class='ocrx_word' id='word_1_154' title='bbox 510 3171 620 3236; x_wconf 77' lang='lat' dir='ltr'>‚uuum</span> <span class='ocrx_word' id='word_1_155' title='bbox 657 3133 814 3260; x_wconf 86' lang='lat' dir='ltr'>servum,</span> <span class='ocrx_word' id='word_1_156' title='bbox 849 3172 885 3230; x_wconf 91' lang='lat' dir='ltr'>et</span> <span class='ocrx_word' id='word_1_157' title='bbox 922 3183 1003 3230; x_wconf 89' lang='lat' dir='ltr'>eum</span> <span class='ocrx_word' id='word_1_158' title='bbox 1034 3185 1081 3262; x_wconf 22' lang='lat' dir='ltr'>ex,</span> <span class='ocrx_word' id='word_1_159' title='bbox 1102 3157 1315 3258; x_wconf 83' lang='lat' dir='ltr'>gladiatorio</span> 
     </span>
     <span class='ocr_line' id='line_1_24' title="bbox 310 3261 1316 3384; baseline 0.007 -35"><span class='ocrx_word' id='word_1_160' title='bbox 310 3264 413 3380; x_wconf 83' lang='lat' dir='ltr'>ludo,</span> <span class='ocrx_word' id='word_1_161' title='bbox 446 3281 597 3362; x_wconf 86' lang='lat' dir='ltr'>confecit</span> <span class='ocrx_word' id='word_1_162' title='bbox 635 3261 748 3356; x_wconf 84' lang='lat' dir='ltr'>totum</span> <span class='ocrx_word' id='word_1_163' title='bbox 780 3285 960 3384; x_wconf 85' lang='lat' dir='ltr'>negotium</span> <span class='ocrx_word' id='word_1_164' title='bbox 978 3300 1025 3357; x_wconf 83' lang='lat'>¹9:</span> <span class='ocrx_word' id='word_1_165' title='bbox 1058 3286 1236 3360; x_wconf 85' lang='lat' dir='ltr'>arcessivit</span> <span class='ocrx_word' id='word_1_166' title='bbox 1269 3285 1316 3359; x_wconf 87' lang='lat' dir='ltr'>ad</span> 
     </span>
     <span class='ocr_line' id='line_1_25' title="bbox 310 3411 1318 3513; baseline 0.006 -35"><span class='ocrx_word' id='word_1_167' title='bbox 310 3432 364 3504; x_wconf 91' lang='lat' dir='ltr'>se,</span> <span class='ocrx_word' id='word_1_168' title='bbox 389 3411 567 3510; x_wconf 77' lang='lat' dir='ltr'>promisit,</span> <span class='ocrx_word' id='word_1_169' title='bbox 592 3412 811 3513; x_wconf 84' lang='lat' dir='ltr'>intercessit,</span> <span class='ocrx_word' id='word_1_170' title='bbox 845 3413 950 3488; x_wconf 87' lang='lat' dir='ltr'>dedit.</span> <span class='ocrx_word' id='word_1_171' title='bbox 976 3415 1054 3488; x_wconf 87' lang='lat' dir='ltr'>Iam</span> <span class='ocrx_word' id='word_1_172' title='bbox 1078 3439 1164 3506; x_wconf 83' lang='lat' dir='ltr'>vero</span> <span class='ocrx_word' id='word_1_173' title='bbox 1190 3423 1234 3504; x_wconf 86' lang='lat' dir='ltr'>(o</span> <span class='ocrx_word' id='word_1_174' title='bbox 1265 3413 1318 3486; x_wconf 89' lang='lat' dir='ltr'>dii</span> 
     </span>
     <span class='ocr_line' id='line_1_26' title="bbox 301 3530 1317 3636; baseline 0.002 -28"><span class='ocrx_word' id='word_1_175' title='bbox 301 3530 411 3608; x_wconf 83' lang='lat' dir='ltr'>boui!</span> <span class='ocrx_word' id='word_1_176' title='bbox 436 3561 509 3608; x_wconf 88' lang='lat' dir='ltr'>rem</span> <span class='ocrx_word' id='word_1_177' title='bbox 534 3538 740 3636; x_wconf 82' lang='lat' dir='ltr'>perditaml)</span> <span class='ocrx_word' id='word_1_178' title='bbox 758 3541 865 3620; x_wconf 81' lang='lat' dir='ltr'>etiam</span> <span class='ocrx_word' id='word_1_179' title='bbox 889 3554 1012 3615; x_wconf 88' lang='lat' dir='ltr'>noctes</span> <span class='ocrx_word' id='word_1_180' title='bbox 1038 3554 1210 3614; x_wconf 88' lang='lat' dir='ltr'>certarum</span> <span class='ocrx_word' id='word_1_181' title='bbox 1235 3567 1317 3610; x_wconf 91' lang='lat' dir='ltr'>mu-</span> 
     </span>
     <span class='ocr_line' id='line_1_27' title="bbox 296 3655 1318 3765; baseline 0.009 -35"><span class='ocrx_word' id='word_1_182' title='bbox 296 3656 459 3759; x_wconf 73' lang='lat' dir='ltr'>lierum,</span> <span class='ocrx_word' id='word_1_183' title='bbox 480 3677 584 3765; x_wconf 87' lang='lat' dir='ltr'>atque</span> <span class='ocrx_word' id='word_1_184' title='bbox 617 3664 959 3746; x_wconf 75' lang='lat' dir='ltr'>adolescentulorum</span> <span class='ocrx_word' id='word_1_185' title='bbox 990 3655 1163 3740; x_wconf 76' lang='lat' dir='ltr'>nobilium</span> <span class='ocrx_word' id='word_1_186' title='bbox 1195 3667 1318 3739; x_wconf 88' lang='lat' dir='ltr'>iutro-</span> 
     </span>
     <span class='ocr_line' id='line_1_28' title="bbox 296 3785 1322 3891; baseline 0.009 -36"><span class='ocrx_word' id='word_1_187' title='bbox 296 3785 490 3860; x_wconf 61' lang='lat' dir='ltr'>”ducti&#39;ones</span> <span class='ocrx_word' id='word_1_188' title='bbox 505 3807 535 3838; x_wconf 82' lang='lat'>²⁰</span> <span class='ocrx_word' id='word_1_189' title='bbox 561 3791 738 3864; x_wconf 87' lang='lat' dir='ltr'>nonnullis</span> <span class='ocrx_word' id='word_1_190' title='bbox 763 3791 937 3884; x_wconf 81' lang='lat' dir='ltr'>iudicibus</span> <span class='ocrx_word' id='word_1_191' title='bbox 962 3819 1028 3891; x_wconf 92' lang='lat' dir='ltr'>pro</span> <span class='ocrx_word' id='word_1_192' title='bbox 1052 3791 1224 3866; x_wconf 89' lang='lat' dir='ltr'>mercedis</span> <span class='ocrx_word' id='word_1_193' title='bbox 1257 3819 1322 3864; x_wconf 88' lang='lat' dir='ltr'>cn-</span> 
     </span>
     <span class='ocr_line' id='line_1_29' title="bbox 307 3911 1319 4018; baseline 0.01 -37"><span class='ocrx_word' id='word_1_194' title='bbox 307 3911 402 3985; x_wconf 91' lang='lat' dir='ltr'>mulo</span> <span class='ocrx_word' id='word_1_195' title='bbox 443 3915 588 3990; x_wconf 86' lang='lat' dir='ltr'>fuerunt.</span> <span class='ocrx_word' id='word_1_196' title='bbox 633 3919 709 4016; x_wconf 85' lang='lat' dir='ltr'>Ita,</span> <span class='ocrx_word' id='word_1_197' title='bbox 746 3945 883 3992; x_wconf 88' lang='lat' dir='ltr'>summo</span> <span class='ocrx_word' id='word_1_198' title='bbox 921 3918 1076 3994; x_wconf 85' lang='lat' dir='ltr'>discessu</span> <span class='ocrx_word' id='word_1_199' title='bbox 1111 3921 1319 4018; x_wconf 88' lang='lat' dir='ltr'>bonorum,</span> 
     </span>
    </p>
   </div>
   <div class='ocr_carea' id='block_1_4' title="bbox 0 0 1446 5002">
    <p class='ocr_par' dir='ltr' id='par_1_5' title="bbox 0 0 1446 5002">
     <span class='ocr_line' id='line_1_30' title="bbox 0 0 1446 5002; baseline 0 4"><span class='ocrx_word' id='word_1_200' title='bbox 0 0 1446 5002; x_wconf 95' lang='lat' dir='ltr'> </span> 
     </span>
    </p>
   </div>
  </div>
 </body>
</html>
