2882 5002
327 425 376 502 9²
690 421 863 472 rrrsrom
888 423 958 474 ιιιιι.
1106 421 1297 488 l.v.c.s92

321 525 430 627 pleno
462 524 538 598 loro
569 548 768 622 servorum,
794 551 866 600 xxv
897 523 1030 598 iudices
1060 525 1109 598 ita
1134 526 1241 602 sortes
1266 543 1322 603 ta·

322 677 406 726 men
428 651 588 750 firerunt,
618 665 675 750 ut,
699 674 836 724 summo
861 651 1047 752 proposito
1063 653 1241 754 periculo,
1257 655 1323 742 ,vel

321 779 436 880 perire
460 776 662 876 maluerint,
687 803 792 879 quam
816 776 962 878 perdere
987 778 1223 878 omnia3xxx1
1249 779 1323 854 firc-

322 919 420 1005 runt,
444 929 532 1006 quos
557 903 665 978 sames
680 903 830 1003 magis,
862 928 965 1004 quam
997 902 1089 978 lama
1118 930 1324 980 commove-

322 1046 425 1105 rat21.
451 1031 612 1124 Quorum
636 1026 781 1104 Catulus
806 1055 914 1130 quum
939 1027 1086 1114 vidisset
1110 1029 1323 1132 quemdam,

329 1190 347 1226 a
372 1155 470 1250 Quid
494 1180 573 1255 vos,
596 1154 727 1260 inquit,
750 1153 964 1256 praesidium
987 1181 1008 1228 a
1032 1154 1136 1230 nohis
1160 1157 1322 1256 postula-

329 1316 348 1350 «
370 1280 483 1356 batisl
508 1307 573 1381 an,
606 1306 652 1354 ne
676 1281 811 1354 nummi
835 1277 938 1355 vobis
963 1257 1197 1383 eriperentur,
1223 1284 1323 1358 time·

330 1439 348 1476 a
371 1405 484 1494 hatisl
501 1422 532 1458 ²²
556 1437 574 1472 n
606 1404 746 1505 Habes,
769 1419 811 1480 ut
834 1404 1039 1504 brevissime
1063 1408 1182 1508 potui,
1211 1433 1320 1506 genus

322 1531 462 1632 iudicii,
487 1547 524 1606 et
549 1559 690 1606 causam
715 1529 955 1610 absolutionis.

374 1659 396 1732 3
422 1659 568 1751 Quaeris
595 1657 777 1758 deinceps,
796 1657 855 1759 qui
871 1683 966 1731 nunc
984 1659 1030 1730 sit
1054 1671 1164 1732 status
1189 1685 1323 1760 rerum,

323 1785 443 1886 etqui
470 1811 578 1860 meus.
613 1783 675 1858 Rei
707 1782 869 1884 publicae
901 1797 1033 1857 statum
1063 1783 1183 1886 illum,
1215 1812 1322 1887 quem

323 1923 363 1983 tu
386 1937 466 1985 meo
499 1909 663 2011 consilio,
696 1935 761 2009 ego
799 1909 919 1985 divino
949 1913 1192 1985 confirmatum
1217 1917 1326 2011 puta-³

321 2035 421 2133 bam,
447 2038 507 2138 qui
530 2036 705 2142 lionorum
730 2035 889 2111 omnium
913 2037 1179 2136 coniunctione,
1201 2051 1238 2110 et
1263 2065 1324 2112 au-

323 2162 484 2235 ctoritate
516 2161 716 2236 consulatus
745 2163 815 2236 mei
846 2163 934 2235 fixus
967 2174 1004 2234 et
1031 2161 1196 2234 fundatus
1221 2162 1324 2236 vide-

249 2279 252 2294 ’
322 2286 448 2387 batur,
482 2288 550 2361 nisi
576 2289 663 2394 *quis
699 2313 765 2362 nos
804 2286 889 2362 deus
925 2288 1146 2388 respexerit,
1163 2285 1326 2387 elapsum

323 2415 412 2488 scito
439 2439 513 2488 esse
539 2413 584 2487 de
608 2413 770 2489 manibus
801 2439 874 2488 uno
905 2412 975 2487 hoe
1006 2411 1152 2487 iudicio:
1177 2414 1207 2486 si
1230 2413 1326 2488 iudi·

324 2521 416 2614 cium
441 2555 495 2614 est
507 2596 519 2641 ,
549 2541 692 2640 triginta
715 2539 876 2614 homines
900 2527 1024 2641 pop'uli
1049 2539 1198 2648 Romani
1215 2540 1246 2589 ¹³
1273 2538 1326 2612 le-

322 2667 484 2742 vissimos
509 2694 550 2742 ac
575 2667 823 2770 nequissimos,
854 2665 1043 2739 nummulis
1069 2665 1242 2766 acceptis,
1267 2667 1326 2740 ius

322 2819 365 2866 ac
389 2794 441 2867 sas
467 2819 570 2868 omne
595 2793 729 2891 delere,
760 2807 820 2891 et,
843 2792 942 2894 quod
966 2816 1088 2864 omnes
1112 2816 1186 2864 non
1210 2791 1324 2864 modo

308 2917 499 3019 ,homincs,
524 2946 646 2993 vemm
662 2921 768 2992 etiam
784 2917 938 3018 pecudes
955 2917 1086 2990 lactum
1102 2941 1177 2989 esse
1193 2921 1325 3016 sciant,

312 3041 361 3114 ‘id
384 3038 550 3140 Talnam,
576 3057 612 3115 et
634 3041 816 3141 Plautum,
842 3057 878 3117 et
901 3041 1110 3144 Spongiam,
1133 3053 1170 3114 et
1187 3055 1326 3140 ceteras

322 3168 522 3243 huiusmodi
547 3170 746 3273 quisquilias
771 3184 941 3271 statuere,
964 3193 1157 3271 numquam
1182 3193 1258 3241 esse
1274 3167 1326 3243 fa·

324 3308 431 3367 ctum.

312 3489 318 3502 ‚
371 3420 490 3516 ised
515 3436 650 3524 tamen,
682 3437 722 3496 ut
753 3437 789 3496 te
821 3421 866 3496 de
898 3447 937 3495 re
971 3420 1112 3522 publica
1138 3419 1326 3519 consoler,

321 3549 490 3650 nonita,
522 3563 562 3623 ut
595 3563 780 3652 sperarunt
813 3547 919 3646 mali,
953 3559 1054 3622 tanto
1078 3547 1246 3646 imposito
1271 3547 1327 3620 rei

320 3674 483 3774 publicae
515 3676 683 3775 vulnere,
719 3675 842 3750 alacris
878 3671 1029 3746 exsultat
1052 3672 1258 3773 improbitas
1284 3676 1327 3749 in

321 3802 476 3876 victoria.
502 3803 593 3876 Nam
617 3803 721 3903 plane
746 3803 796 3875 ita
813 3812 1043 3900 putaverunt,
1060 3827 1168 3901 quum
1185 3799 1327 3899 religio,

322 3953 429 4025 quum
454 3929 645 4029 pudicitia,
683 3950 790 4028 quum
828 3923 1037 4001 iudiciorum
1074 3925 1182 4026 fides,
1212 3952 1325 4028 quum
