2834 5012
414 535 476 626 Μ.
523 531 774 624 TVLLII
818 527 1214 625 CICERONIS

611 733 1010 808 nrlsrocan

749 958 878 984 -x-

799 1197 825 1268 l·
1022 1234 1080 1292 (ss
1095 1232 1196 1278 sicam
1211 1231 1236 1292 1,
1253 1233 1290 1288 s)

318 1375 535 1454 Argumentum.
560 1394 570 1430 r
593 1373 693 1443 Lucii,
713 1372 864 1432 Ciceronis
884 1371 983 1430 fratris
1002 1369 1159 1452 patruclis,
1172 1379 1309 1428 mortem

358 1479 509 1562 deplorat3
530 1499 547 1537 2
568 1479 674 1556 Quinti
693 1477 794 1536 fratris
820 1481 851 1536 in
871 1496 995 1537 uxorem
1015 1476 1235 1558 Pomponiam,
1261 1476 1312 1534 At-

357 1586 408 1644 tici
428 1604 575 1655 sororem,
604 1582 794 1642 offensiorem
825 1585 979 1654 animum,
1001 1592 1037 1642 ut
1055 1581 1190 1664 placaret
1218 1600 1312 1639 curae

252 1699 254 1703 ’
359 1689 415 1750 sibi
435 1691 525 1749 fuisse
544 1698 661 1763 narrat3
683 1689 700 1748 3
723 1709 822 1748 raram
843 1689 997 1748 literarum
1025 1689 1197 1747 missionem
1219 1704 1313 1744 excu-

359 1807 413 1856 sat.
432 1797 452 1872 4
473 1795 556 1873 Quid
585 1795 622 1854 de
653 1794 821 1854 Acutiliano
849 1796 989 1876 negotio,
1019 1792 1039 1853 5
1066 1803 1096 1853 et
1126 1795 1158 1851 in
1178 1793 1314 1852 Lucceio

299 1977 304 1988 γ
359 1901 507 1982 placando
527 1902 621 1982 egerit
639 1911 750 1959 narrat.
771 1899 792 1960 6
811 1899 956 1960 Errorem
977 1901 1066 1960 Attici
1080 1901 1158 1957 inre
1172 1895 1313 1956 Tadiana

361 2009 490 2085 corrigit.
512 2027 529 2085 7
550 2005 736 2087 Epiroticam
757 2007 941 2086 emptionem
961 2008 989 2065 ei
1010 2004 1188 2086 gratulatur.
1209 2001 1230 2063 8
1250 2003 1316 2062 Tu-

360 2112 516 2171 sculanum
545 2131 655 2183 suum,
680 2120 714 2170 ut
735 2131 842 2171 ornare
862 2121 983 2192 pergat,
1009 2113 1133 2196 petito
1154 2107 1317 2168 Adduntur

283 2224 285 2235 '
361 2217 524 2277 domestica
546 2217 702 2298 quaedam.
1197 2256 1205 2291 s

564 2397 616 2446 Ser.
638 2397 729 2448 nomae
747 2398 778 2448 A.
799 2395 830 2446 V.
847 2397 876 2447 C.
895 2394 1068 2446 DCLXXXV.

503 2489 532 2542 L.
549 2489 658 2541 Caecilio
677 2488 797 2555 Metello,
815 2488 848 2558 Q.
866 2488 962 2539 Marcio
981 2488 1047 2556 Rege
1066 2486 1134 2538 Coss.

618 2686 761 2750 CICERO
786 2683 934 2748 ATTICO
961 2685 1018 2746 S.,¹

379 2927 391 2970 1
422 2825 634 2986 Quantum
669 2898 826 2970 dolorem
858 2898 1074 2997 acceperim,
1109 2911 1145 2970 et
1181 2913 1317 2999 quanto

324 3022 437 3094 fructu
454 3023 519 3094 sim
536 3023 690 3122 privatus
716 3035 752 3093 et
776 3021 903 3094 sorensi
928 3035 964 3096 et
989 3023 1198 3121 domestico,
1215 3024 1319 3096 Lucii
1412 2997 1413 3080 i

325 3146 437 3220 fratris
461 3148 572 3220 nostri
597 3159 730 3246 morte,
766 3148 805 3218 in
836 3148 957 3246 primis
993 3173 1059 3246 pro
1084 3159 1203 3220 nostra
1230 3174 1319 3232 con·
1412 3143 1413 3226 ἶ

325 3257 505 3345 suetudine
530 3287 569 3345 tu
594 3273 787 3345 existimare
813 3285 923 3372 potes.
956 3271 1048 3348 Nam
1072 3271 1157 3344 mihi
1182 3275 1319 3372 omnia,
1412 3315 1413 3360 3

325 3423 412 3497 quae
436 3398 587 3470 iucunda
613 3423 655 3470 ex
679 3397 896 3469 humanitate
929 3396 1068 3470 alterius
1098 3411 1134 3470 ct
1157 3398 1318 3471 moribus
1412 3389 1413 3454 Ϊ

324 3522 457 3594 homini
475 3524 631 3596 accidere
647 3537 812 3623 possunt,
829 3549 871 3594 ex
887 3521 948 3596 illo
966 3521 1178 3598 accidebant
1197 3523 1320 3614 Quare
1412 3541 1413 3560 ³

324 3673 398 3722 non
431 3649 574 3748 dubito,
599 3651 683 3750 quin
709 3649 772 3722 tibi
805 3674 943 3750 quoque
975 3647 1013 3722 id
1041 3647 1229 3722 molestum
1255 3650 1321 3744 sit,
1412 3633 1413 3684 t

326 3800 432 3876 quum
458 3789 493 3848 et
518 3801 597 3849 meo
622 3774 742 3850 dolore
766 3798 946 3870 moveare,
963 3787 998 3845 et
1022 3775 1098 3872 ipse
1124 3757 1221 3844 omni
1246 3773 1319 3845 vir·
1412 3767 1413 3772 ’

326 3914 399 3973 tute
425 3902 608 4002 officioque
635 3899 906 3996 ornatissimum,
923 3898 1042 3999 tuique
1061 3912 1095 3971 ct
1112 3924 1172 3970 sua
1191 3911 1319 3998 sponte
1412 3941 1413 3948 κ
