2882 5002
331 369 381 466 94
693 391 863 440 urrsront
887 392 958 441 uxr.
1107 391 1138 440 a.
1152 395 1186 442 v.
1205 395 1233 443 c.
1250 397 1298 456 692

331 506 471 566 senatus
496 493 683 566 auctoritas
707 494 917 568 concidisset
932 492 981 593 ²4,
1012 494 1103 594 sore,
1133 508 1174 569 ut
1203 513 1322 598 aperte

330 619 455 693 victrix
479 617 632 720 nequitia
658 645 699 692 ac
724 619 833 692 libido
859 644 990 720 poenas
1016 605 1220 722 ab'optimo
1238 645 1323 724 quo-

330 772 397 846 que
420 758 557 845 peteret
580 745 633 817 sui
652 743 806 845 doloris,
834 768 938 846 quem
965 746 1223 846 improbissimo
1249 750 1324 822 cui-

328 895 396 971 que
420 872 591 944 inusserat
615 871 780 944 severitas
805 869 1004 944 consulatus
1029 873 1106 946 mei.
1132 872 1232 946 Idem
1256 900 1323 972 ego

327 995 405 1095 ille,
431 1006 528 1088 (non
560 997 765 1070 enimsmihi
790 996 913 1072 videor
946 996 1136 1072 insolenter
1161 998 1323 1099 gloriari,

328 1150 437 1224 quum
462 1122 587 1198 deme
612 1123 709 1224 apud
740 1137 775 1196 te
805 1101 948 1225 loquor,
982 1124 1020 1198 iu
1053 1151 1093 1198 ea
1117 1127 1325 1225 praesertim

328 1247 498 1348 epistola,
535 1276 640 1350 quam
677 1249 761 1324 nolo
793 1249 867 1323 aliis
890 1249 981 1350 legi)
1014 1249 1122 1351 idem,
1156 1252 1325 1352 inquam,

328 1399 393 1472 ego
426 1377 580 1449 recreavi
618 1375 764 1450 afflictos
801 1377 936 1452 animos
966 1376 1160 1475 bonorum,
1195 1402 1325 1449 uuum-

294 1501 297 1505 ’
328 1525 500 1602 quemque
526 1503 752 1602 confirmans,
769 1503 931 1576 excitans.
956 1503 1173 1576 Insectandis
1187 1505 1218 1552 ²⁵
1236 1529 1322 1576 vero

326 1626 609 1732 exagitandisque
634 1599 1057 1726 nummariis'iudicibus,
1081 1653 1223 1701 omnem
1249 1653 1323 1700 om-

325 1752 428 1825 nibus
453 1753 618 1828 studiosis
644 1781 685 1830 ac
709 1753 902 1828 fautoribus
933 1754 1023 1828 iliius
1049 1755 1214 1827 victoriae
1239 1759 1321 1850 παρ’·

325 1882 433 1976 ῥησιάν
457 1871 586 1980 eripui,
603 1882 765 1954 Pisonem
791 1877 970 1954 consulem
995 1878 1089 1952 nulla
1114 1881 1150 1950 in
1177 1905 1213 1951 re
1239 1904 1324 1952 con·

324 2004 444 2077 sistere
482 2031 636 2106 unquam
660 2033 737 2080 snm
770 2032 910 2106 passus,
947 2006 1155 2106 desponsam
1183 2003 1321 2077 homini

323 2129 395 2202 iam
419 2131 557 2230 Syriam
582 2131 730 2232 ademi3'
748 2147 909 2206 senatum
941 2131 989 2204 ad
1013 2131 1196 2232 pristinam
1221 2113 1324 2204 suam

323 2256 545 2330 severitatem
581 2259 761 2358 revocavi,
798 2272 901 2359 atque
938 2255 1112 2330 abiectum
1148 2254 1321 2356 excitavi5

323 2380 488 2455 Clodium
511 2400 729 2485 praesentem
755 2385 840 2484 fregi
862 2386 902 2458 in
926 2397 1065 2482 senatu,
1099 2409 1208 2484 quum
1240 2407 1322 2454 ora·

323 2508 418 2582 tione
443 2525 612 2612 perpetua
644 2511 846 2612 plenissima
879 2510 1073 2608 gravitatis,
1106 2515 1190 2580 tum'
1215 2505 1321 2580 alter-

322 2637 459 2709 catione
493 2637 684 2739 eiusmodi,
716 2663 759 2711 ex
793 2663 861 2740 qua
894 2621 977 2709 dcet
1007 2649 1124 2737 pauca¹
1146 2633 1319 2731 degustes.

319 2761 411 2836 Nam
442 2779 556 2838 cetera
592 2792 666 2840 non
702 2777 852 2864 possunt
875 2763 1004 2836 habere
1027 2759 1176 2850 eandem
1200 2785 1317 2861 neque

320 2887 392 2960 vim
408 2892 450 2987 ²⁶,
474 2917 588 2991 neque
614 2903 850 2989 venustatem,
865 2885 1079 2966 remoto'illo
1097 2883 1214 2958 studio
1232 2910 1317 2958 con·

319 3017 501 3116 tentionis,
526 3042 630 3120 quem
654 3025 754 3112 ἀγῶνα
780 3042 844 3091 vos
869 3014 1061 3115 appellatis

367 3139 390 3214 5
416 3141 522 3243 Nam,
546 3158 586 3215 ut
610 3143 698 3216 Idib.
723 3144 825 3216 Maiis
842 3158 873 3208 ²⁷
898 3141 937 3213 in
962 3153 1121 3214 senatum
1146 3137 1314 3211 conveni-

317 3292 408 3367 mus,
424 3283 565 3366 rogatus
582 3295 645 3368 ego
663 3269 886 3365 sententiam,
897 3265 1007 3338 multa
1025 3265 1097 3337 dixi
1114 3263 1158 3336 de
1175 3288 1313 3336 summa

316 3417 354 3463 re
379 3391 519 3496 publica
536 3395 578 3493 ²⁸,
603 3409 707 3497 atque
732 3393 790 3466 ille
813 3391 912 3466 locus
937 3389 1100 3464 inductus
1131 3414 1152 3461 a
1175 3413 1233 3460 me
1260 3401 1314 3460 est

317 3515 503 3592 divinitus:
536 3548 600 3618 ne,
632 3548 702 3595 una
734 3519 836 3622 plaga
873 3525 1017 3617 accepta
1030 3571 1039 3614 ,
1072 3519 1194 3590 Patres
1228 3540 1312 3588 con·

314 3645 436 3744 scripti
472 3646 714 3747 conciderent,
748 3673 794 3718 ne
832 3646 1043 3742 deficerent,
1073 3641 1198 3714 vulnus
1234 3665 1309 3714 esse

313 3769 508 3871 eiusmodi,
541 3773 638 3874 quod
670 3772 757 3846 mihi
795 3797 861 3844 nec
898 3767 1209 3864 dissimulandum,
1243 3792 1308 3839 nec

311 3899 626 3994 pertimescendum
654 3899 844 3997 videretur·;
861 3922 906 3971 ne
926 3908 989 3978 a'ut
1006 3892 1196 3970 metuendo
1212 3894 1306 3992 igna-
