<?xml version="1.0" encoding="UTF-8"?>
<!DOCTYPE html PUBLIC "-//W3C//DTD XHTML 1.0 Transitional//EN"
    "http://www.w3.org/TR/xhtml1/DTD/xhtml1-transitional.dtd">
<html xmlns="http://www.w3.org/1999/xhtml" xml:lang="en" lang="en">
 <head>
  <title>
</title>
<meta http-equiv="Content-Type" content="text/html;charset=utf-8" />
  <meta name='ocr-system' content='tesseract 3.04.00' />
  <meta name='ocr-capabilities' content='ocr_page ocr_carea ocr_par ocr_line ocrx_word'/>
</head>
<body>
  <div class='ocr_page' id='page_1' title='image "./mtulliiciceroni76cicegoog_0301.png"; bbox 0 0 2924 5002; ppageno 0'>
   <div class='ocr_carea' id='block_1_1' title="bbox 323 395 1310 478">
    <p class='ocr_par' dir='ltr' id='par_1_1' title="bbox 323 395 1310 478">
     <span class='ocr_line' id='line_1_1' title="bbox 323 395 1310 478; baseline -0.004 -10"><span class='ocrx_word' id='word_1_1' title='bbox 323 395 397 468; x_wconf 70' lang='lat'><strong>268</strong></span> <span class='ocrx_word' id='word_1_2' title='bbox 685 413 855 466; x_wconf 78' lang='lat' dir='ltr'><strong>rrrsroua</strong></span> <span class='ocrx_word' id='word_1_3' title='bbox 880 413 961 466; x_wconf 76' lang='lat' dir='ltr'><strong>xcv.</strong></span> <span class='ocrx_word' id='word_1_4' title='bbox 1110 411 1142 463; x_wconf 77' lang='lat' dir='ltr'><strong>u.</strong></span> <span class='ocrx_word' id='word_1_5' title='bbox 1158 417 1193 468; x_wconf 85' lang='lat' dir='ltr'><strong>v.</strong></span> <span class='ocrx_word' id='word_1_6' title='bbox 1211 415 1242 464; x_wconf 84' lang='lat' dir='ltr'><strong>c.</strong></span> <span class='ocrx_word' id='word_1_7' title='bbox 1258 409 1310 478; x_wconf 71' lang='lat' dir='ltr'><strong>eor</strong></span> 
     </span>
    </p>
   </div>
   <div class='ocr_carea' id='block_1_2' title="bbox 488 637 1162 898">
    <p class='ocr_par' dir='ltr' id='par_1_2' title="bbox 488 637 1162 898">
     <span class='ocr_line' id='line_1_2' title="bbox 488 637 1162 712; baseline -0.006 -14"><span class='ocrx_word' id='word_1_8' title='bbox 488 644 542 698; x_wconf 81' lang='lat' dir='ltr'><strong>Ser.</strong></span> <span class='ocrx_word' id='word_1_9' title='bbox 561 641 657 696; x_wconf 74' lang='lat' dir='ltr'><strong>Romae</strong></span> <span class='ocrx_word' id='word_1_10' title='bbox 674 642 705 694; x_wconf 75' lang='grc' dir='ltr'><strong>Α.</strong></span> <span class='ocrx_word' id='word_1_11' title='bbox 723 641 758 696; x_wconf 87' lang='lat' dir='ltr'><strong>V.</strong></span> <span class='ocrx_word' id='word_1_12' title='bbox 774 641 805 696; x_wconf 86' lang='lat' dir='ltr'><strong>C.</strong></span> <span class='ocrx_word' id='word_1_13' title='bbox 822 639 954 696; x_wconf 59' lang='lat' dir='ltr'>”CXCIV</span> <span class='ocrx_word' id='word_1_14' title='bbox 971 655 1051 694; x_wconf 76' lang='lat' dir='ltr'><strong>mena.</strong></span> <span class='ocrx_word' id='word_1_15' title='bbox 1068 637 1162 712; x_wconf 84' lang='lat' dir='ltr'><strong>Quint.</strong></span> 
     </span>
     <span class='ocr_line' id='line_1_3' title="bbox 635 829 1015 898; baseline -0.011 0"><span class='ocrx_word' id='word_1_16' title='bbox 635 830 782 898; x_wconf 85' lang='lat' dir='ltr'>CICERO</span> <span class='ocrx_word' id='word_1_17' title='bbox 805 829 959 898; x_wconf 81' lang='lat' dir='ltr'>ATTICO</span> <span class='ocrx_word' id='word_1_18' title='bbox 984 830 1015 894; x_wconf 87' lang='lat' dir='ltr'><strong>S.</strong></span> 
     </span>
    </p>
   </div>
   <div class='ocr_carea' id='block_1_3' title="bbox 155 1016 1375 4023">
    <p class='ocr_par' dir='ltr' id='par_1_3' title="bbox 310 1016 1375 3266">
     <span class='ocr_line' id='line_1_4' title="bbox 382 1016 1336 1120; baseline -0.002 -24"><span class='ocrx_word' id='word_1_19' title='bbox 382 1045 396 1096; x_wconf 85' lang='lat' dir='ltr'><strong>r</strong></span> <span class='ocrx_word' id='word_1_20' title='bbox 427 1019 541 1096; x_wconf 86' lang='lat' dir='ltr'><strong>Multa</strong></span> <span class='ocrx_word' id='word_1_21' title='bbox 566 1043 625 1094; x_wconf 90' lang='lat' dir='ltr'><strong>me</strong></span> <span class='ocrx_word' id='word_1_22' title='bbox 649 1017 844 1120; x_wconf 76' lang='lat' dir='ltr'><strong>solicitant,</strong></span> <span class='ocrx_word' id='word_1_23' title='bbox 860 1031 898 1093; x_wconf 88' lang='lat' dir='ltr'><strong>et</strong></span> <span class='ocrx_word' id='word_1_24' title='bbox 921 1041 964 1092; x_wconf 89' lang='lat' dir='ltr'><strong>ex</strong></span> <span class='ocrx_word' id='word_1_25' title='bbox 980 1017 1031 1092; x_wconf 90' lang='lat' dir='ltr'><strong>rei</strong></span> <span class='ocrx_word' id='word_1_26' title='bbox 1052 1016 1217 1120; x_wconf 79' lang='lat' dir='ltr'><strong>publicae</strong></span> <span class='ocrx_word' id='word_1_27' title='bbox 1234 1032 1336 1094; x_wconf 87' lang='lat' dir='ltr'><strong>tanto</strong></span> 
     </span>
     <span class='ocr_line' id='line_1_5' title="bbox 321 1143 1338 1248; baseline -0.003 -25"><span class='ocrx_word' id='word_1_28' title='bbox 321 1161 441 1248; x_wconf 89' lang='lat' dir='ltr'><strong>motu,</strong></span> <span class='ocrx_word' id='word_1_29' title='bbox 465 1161 502 1221; x_wconf 85' lang='lat' dir='ltr'><strong>et</strong></span> <span class='ocrx_word' id='word_1_30' title='bbox 526 1169 570 1220; x_wconf 85' lang='lat' dir='ltr'><strong>ex</strong></span> <span class='ocrx_word' id='word_1_31' title='bbox 592 1147 635 1219; x_wconf 84' lang='lat' dir='ltr'><strong>iis</strong></span> <span class='ocrx_word' id='word_1_32' title='bbox 660 1143 852 1248; x_wconf 84' lang='lat' dir='ltr'><strong>periculis,</strong></span> <span class='ocrx_word' id='word_1_33' title='bbox 884 1169 974 1248; x_wconf 81' lang='lat' dir='ltr'><strong>quae</strong></span> <span class='ocrx_word' id='word_1_34' title='bbox 1010 1145 1099 1218; x_wconf 89' lang='lat' dir='ltr'><strong>mihi</strong></span> <span class='ocrx_word' id='word_1_35' title='bbox 1126 1146 1195 1246; x_wconf 87' lang='lat' dir='ltr'><strong>ipsi</strong></span> <span class='ocrx_word' id='word_1_36' title='bbox 1220 1147 1338 1220; x_wconf 87' lang='lat' dir='ltr'><strong>inten-</strong></span> 
     </span>
     <span class='ocr_line' id='line_1_6' title="bbox 324 1267 1337 1349; baseline -0.002 0"><span class='ocrx_word' id='word_1_37' title='bbox 324 1273 471 1349; x_wconf 87' lang='lat' dir='ltr'><strong>duntur:</strong></span> <span class='ocrx_word' id='word_1_38' title='bbox 496 1287 534 1345; x_wconf 89' lang='lat' dir='ltr'><strong>et</strong></span> <span class='ocrx_word' id='word_1_39' title='bbox 558 1283 725 1346; x_wconf 79' lang='lat' dir='ltr'>sexcenta</span> <span class='ocrx_word' id='word_1_40' title='bbox 751 1284 842 1345; x_wconf 84' lang='lat' dir='ltr'><strong>sunt</strong></span> <span class='ocrx_word' id='word_1_41' title='bbox 867 1269 939 1345; x_wconf 90' lang='lat' dir='ltr'><strong>Sed</strong></span> <span class='ocrx_word' id='word_1_42' title='bbox 962 1267 1050 1344; x_wconf 90' lang='lat' dir='ltr'><strong>mihi</strong></span> <span class='ocrx_word' id='word_1_43' title='bbox 1074 1269 1162 1344; x_wconf 91' lang='lat' dir='ltr'><strong>nihil</strong></span> <span class='ocrx_word' id='word_1_44' title='bbox 1186 1286 1244 1345; x_wconf 87' lang='lat' dir='ltr'><strong>est</strong></span> <span class='ocrx_word' id='word_1_45' title='bbox 1262 1298 1337 1348; x_wconf 87' lang='lat' dir='ltr'><strong>mo·</strong></span> 
     </span>
     <span class='ocr_line' id='line_1_7' title="bbox 320 1385 1333 1502; baseline 0 -30"><span class='ocrx_word' id='word_1_46' title='bbox 320 1397 458 1500; x_wconf 79' lang='lat' dir='ltr'><strong>lesuus,</strong></span> <span class='ocrx_word' id='word_1_47' title='bbox 491 1385 598 1502; x_wconf 86' lang='lat' dir='ltr'><strong>quam</strong></span> <span class='ocrx_word' id='word_1_48' title='bbox 624 1398 777 1472; x_wconf 80' lang='lat' dir='ltr'><strong>Statium</strong></span> <span class='ocrx_word' id='word_1_49' title='bbox 807 1397 1071 1472; x_wconf 83' lang='lat' dir='ltr'><strong>manumissum.</strong></span> <span class='ocrx_word' id='word_1_50' title='bbox 1104 1394 1188 1472; x_wconf 86' lang='lat' dir='ltr'><strong>Nec</strong></span> <span class='ocrx_word' id='word_1_51' title='bbox 1211 1424 1333 1472; x_wconf 86' lang='lat' dir='ltr'><strong>meum</strong></span> 
     </span>
     <span class='ocr_line' id='line_1_8' title="bbox 320 1523 1334 1627; baseline -0.001 -29"><span class='ocrx_word' id='word_1_52' title='bbox 320 1523 531 1627; x_wconf 75' lang='lat' dir='ltr'><strong>imperium?</strong></span> <span class='ocrx_word' id='word_1_53' title='bbox 562 1547 607 1598; x_wconf 85' lang='lat' dir='ltr'><strong>ae</strong></span> <span class='ocrx_word' id='word_1_54' title='bbox 638 1527 739 1606; x_wconf 78' lang='lat' dir='ltr'><strong>mitto</strong></span> <span class='ocrx_word' id='word_1_55' title='bbox 773 1525 979 1624; x_wconf 71' lang='lat' dir='ltr'><strong>emporium,</strong></span> <span class='ocrx_word' id='word_1_56' title='bbox 1014 1546 1090 1596; x_wconf 86' lang='lat' dir='ltr'><strong>non</strong></span> <span class='ocrx_word' id='word_1_57' title='bbox 1114 1523 1334 1602; x_wconf 81' lang='lat' dir='ltr'><strong>simultatem</strong></span> 
     </span>
     <span class='ocr_line' id='line_1_9' title="bbox 319 1647 1334 1752; baseline -0.002 -26"><span class='ocrx_word' id='word_1_58' title='bbox 319 1677 435 1726; x_wconf 85' lang='lat' dir='ltr'><strong>meam</strong></span> <span class='ocrx_word' id='word_1_59' title='bbox 459 1654 606 1726; x_wconf 79' lang='lat' dir='ltr'><strong>revereri</strong></span> <span class='ocrx_word' id='word_1_60' title='bbox 629 1647 812 1724; x_wconf 77' lang='lat' dir='ltr'><strong>raloem?¹</strong></span> <span class='ocrx_word' id='word_1_61' title='bbox 838 1648 933 1750; x_wconf 88' lang='lat' dir='ltr'><strong>Nec,</strong></span> <span class='ocrx_word' id='word_1_62' title='bbox 958 1649 1046 1752; x_wconf 86' lang='lat' dir='ltr'><strong>&#39;quid</strong></span> <span class='ocrx_word' id='word_1_63' title='bbox 1070 1648 1216 1749; x_wconf 83' lang='lat' dir='ltr'><strong>faciam,</strong></span> <span class='ocrx_word' id='word_1_64' title='bbox 1242 1652 1334 1725; x_wconf 83' lang='lat' dir='ltr'><strong>scio:</strong></span> 
     </span>
     <span class='ocr_line' id='line_1_10' title="bbox 310 1751 1329 1878; baseline -0.002 -26"><span class='ocrx_word' id='word_1_65' title='bbox 310 1754 435 1878; x_wconf 73' lang='lat' dir='ltr'><strong>neque</strong></span> <span class='ocrx_word' id='word_1_66' title='bbox 459 1789 598 1851; x_wconf 84' lang='lat' dir='ltr'><strong>tantum</strong></span> <span class='ocrx_word' id='word_1_67' title='bbox 622 1751 677 1850; x_wconf 67' lang='lat' dir='ltr'><strong>eit</strong></span> <span class='ocrx_word' id='word_1_68' title='bbox 700 1777 738 1849; x_wconf 89' lang='lat' dir='ltr'><strong>in</strong></span> <span class='ocrx_word' id='word_1_69' title='bbox 762 1801 815 1876; x_wconf 94' lang='lat' dir='ltr'><strong>re,</strong></span> <span class='ocrx_word' id='word_1_70' title='bbox 842 1779 994 1878; x_wconf 81' lang='lat' dir='ltr'><strong>quantus</strong></span> <span class='ocrx_word' id='word_1_71' title='bbox 1019 1789 1073 1850; x_wconf 83' lang='lat' dir='ltr'><strong>eet</strong></span> <span class='ocrx_word' id='word_1_72' title='bbox 1098 1800 1224 1850; x_wconf 83' lang='lat' dir='ltr'><strong>sermo.</strong></span> <span class='ocrx_word' id='word_1_73' title='bbox 1248 1776 1329 1876; x_wconf 85' lang='lat' dir='ltr'><strong>Ego</strong></span> 
     </span>
     <span class='ocr_line' id='line_1_11' title="bbox 320 1899 1375 2004; baseline -0.006 -29"><span class='ocrx_word' id='word_1_74' title='bbox 320 1914 438 1975; x_wconf 85' lang='lat' dir='ltr'><strong>autem</strong></span> <span class='ocrx_word' id='word_1_75' title='bbox 462 1927 508 1974; x_wconf 90' lang='lat' dir='ltr'><strong>ne</strong></span> <span class='ocrx_word' id='word_1_76' title='bbox 531 1901 634 1975; x_wconf 81' lang='lat' dir='ltr'><strong>irasci</strong></span> <span class='ocrx_word' id='word_1_77' title='bbox 658 1925 806 2002; x_wconf 83' lang='lat' dir='ltr'><strong>possum</strong></span> <span class='ocrx_word' id='word_1_78' title='bbox 843 1899 986 2004; x_wconf 80' lang='lat' dir='ltr'><strong>quidem</strong></span> <span class='ocrx_word' id='word_1_79' title='bbox 1016 1902 1079 2000; x_wconf 82' lang='lat' dir='ltr'><strong>iis,</strong></span> <span class='ocrx_word' id='word_1_80' title='bbox 1111 1927 1200 2002; x_wconf 90' lang='lat' dir='ltr'><strong>quos</strong></span> <span class='ocrx_word' id='word_1_81' title='bbox 1227 1901 1334 1975; x_wconf 85' lang='lat' dir='ltr'><strong>valde</strong></span> <span class='ocrx_word' id='word_1_82' title='bbox 1373 1963 1375 1968; x_wconf 84' lang='lat'><em>.</em></span> 
     </span>
     <span class='ocr_line' id='line_1_12' title="bbox 320 2023 1332 2129; baseline 0.001 -28"><span class='ocrx_word' id='word_1_83' title='bbox 320 2023 426 2102; x_wconf 81' lang='lat' dir='ltr'><strong>omo:¹</strong></span> <span class='ocrx_word' id='word_1_84' title='bbox 453 2039 592 2100; x_wconf 86' lang='lat' dir='ltr'><strong>tantum</strong></span> <span class='ocrx_word' id='word_1_85' title='bbox 625 2024 752 2127; x_wconf 86' lang='lat' dir='ltr'><strong>doleo,</strong></span> <span class='ocrx_word' id='word_1_86' title='bbox 784 2053 826 2100; x_wconf 89' lang='lat' dir='ltr'><strong>ac</strong></span> <span class='ocrx_word' id='word_1_87' title='bbox 850 2027 998 2102; x_wconf 81' lang='lat' dir='ltr'><strong>mirifice</strong></span> <span class='ocrx_word' id='word_1_88' title='bbox 1025 2026 1178 2129; x_wconf 88' lang='lat' dir='ltr'><strong>quidem.</strong></span> <span class='ocrx_word' id='word_1_89' title='bbox 1205 2028 1332 2102; x_wconf 85' lang='lat' dir='ltr'><strong>Cetera</strong></span> 
     </span>
     <span class='ocr_line' id='line_1_13' title="bbox 318 2151 1333 2256; baseline 0 -30"><span class='ocrx_word' id='word_1_90' title='bbox 318 2153 359 2226; x_wconf 89' lang='lat' dir='ltr'><strong>in</strong></span> <span class='ocrx_word' id='word_1_91' title='bbox 382 2153 517 2252; x_wconf 79' lang='lat' dir='ltr'><strong>magnis</strong></span> <span class='ocrx_word' id='word_1_92' title='bbox 541 2151 684 2252; x_wconf 78' lang='lat' dir='ltr'><strong>rebua2,</strong></span> <span class='ocrx_word' id='word_1_93' title='bbox 709 2154 826 2226; x_wconf 86' lang='lat' dir='ltr'><strong>minae</strong></span> <span class='ocrx_word' id='word_1_94' title='bbox 852 2151 991 2253; x_wconf 89' lang='lat' dir='ltr'><strong>Clodii,</strong></span> <span class='ocrx_word' id='word_1_95' title='bbox 1016 2153 1333 2256; x_wconf 86' lang='lat' dir='ltr'><strong>contentionesque</strong></span> 
     </span>
     <span class='ocr_line' id='line_1_14' title="bbox 319 2271 1333 2381; baseline 0 -29"><span class='ocrx_word' id='word_1_96' title='bbox 319 2271 409 2380; x_wconf 85' lang='lat' dir='ltr'><strong>quae</strong></span> <span class='ocrx_word' id='word_1_97' title='bbox 433 2275 521 2352; x_wconf 90' lang='lat' dir='ltr'><strong>mihi</strong></span> <span class='ocrx_word' id='word_1_98' title='bbox 545 2293 813 2381; x_wconf 88' lang='lat' dir='ltr'><strong>proponuntur,</strong></span> <span class='ocrx_word' id='word_1_99' title='bbox 837 2277 978 2354; x_wconf 89' lang='lat' dir='ltr'><strong>modice</strong></span> <span class='ocrx_word' id='word_1_100' title='bbox 995 2305 1053 2352; x_wconf 91' lang='lat' dir='ltr'><strong>me</strong></span> <span class='ocrx_word' id='word_1_101' title='bbox 1071 2293 1231 2380; x_wconf 82' lang='lat' dir='ltr'><strong>tangunt.</strong></span> <span class='ocrx_word' id='word_1_102' title='bbox 1248 2282 1333 2354; x_wconf 83' lang='lat' dir='ltr'><strong>Ete·</strong></span> 
     </span>
     <span class='ocr_line' id='line_1_15' title="bbox 317 2401 1330 2482; baseline 0.004 -5"><span class='ocrx_word' id='word_1_103' title='bbox 317 2404 393 2480; x_wconf 89' lang='lat' dir='ltr'><strong>nim</strong></span> <span class='ocrx_word' id='word_1_104' title='bbox 417 2401 475 2480; x_wconf 90' lang='lat' dir='ltr'><strong>vel</strong></span> <span class='ocrx_word' id='word_1_105' title='bbox 499 2404 614 2480; x_wconf 84' lang='lat' dir='ltr'><strong>subire</strong></span> <span class='ocrx_word' id='word_1_106' title='bbox 640 2433 698 2480; x_wconf 85' lang='lat' dir='ltr'><strong>ees</strong></span> <span class='ocrx_word' id='word_1_107' title='bbox 724 2405 848 2482; x_wconf 88' lang='lat' dir='ltr'><strong>videor</strong></span> <span class='ocrx_word' id='word_1_108' title='bbox 883 2405 971 2480; x_wconf 85' lang='lat' dir='ltr'><strong>mihi</strong></span> <span class='ocrx_word' id='word_1_109' title='bbox 1003 2431 1141 2480; x_wconf 85' lang='lat' dir='ltr'><strong>summa</strong></span> <span class='ocrx_word' id='word_1_110' title='bbox 1166 2433 1250 2480; x_wconf 93' lang='lat' dir='ltr'><strong>cum</strong></span> <span class='ocrx_word' id='word_1_111' title='bbox 1276 2407 1330 2481; x_wconf 91' lang='lat' dir='ltr'><strong>di·</strong></span> 
     </span>
     <span class='ocr_line' id='line_1_16' title="bbox 318 2529 1331 2635; baseline 0.003 -30"><span class='ocrx_word' id='word_1_112' title='bbox 318 2532 473 2632; x_wconf 79' lang='lat' dir='ltr'><strong>gnitate,</strong></span> <span class='ocrx_word' id='word_1_113' title='bbox 497 2531 556 2607; x_wconf 80' lang='lat' dir='ltr'><strong>vel</strong></span> <span class='ocrx_word' id='word_1_114' title='bbox 581 2531 758 2607; x_wconf 85' lang='lat' dir='ltr'><strong>declinare</strong></span> <span class='ocrx_word' id='word_1_115' title='bbox 791 2529 887 2607; x_wconf 90' lang='lat' dir='ltr'><strong>nulla</strong></span> <span class='ocrx_word' id='word_1_116' title='bbox 920 2559 1001 2614; x_wconf 90' lang='lat' dir='ltr'><strong>cum</strong></span> <span class='ocrx_word' id='word_1_117' title='bbox 1025 2529 1187 2608; x_wconf 81' lang='lat' dir='ltr'><strong>molestia</strong></span> <span class='ocrx_word' id='word_1_118' title='bbox 1212 2559 1331 2635; x_wconf 85' lang='lat' dir='ltr'><strong>posse.</strong></span> 
     </span>
     <span class='ocr_line' id='line_1_17' title="bbox 315 2657 1327 2761; baseline -0.001 -29"><span class='ocrx_word' id='word_1_119' title='bbox 315 2657 422 2732; x_wconf 81' lang='lat' dir='ltr'><strong>Dices</strong></span> <span class='ocrx_word' id='word_1_120' title='bbox 457 2657 624 2759; x_wconf 74' lang='lat' dir='ltr'><strong>sortasse,</strong></span> <span class='ocrx_word' id='word_1_121' title='bbox 654 2657 835 2759; x_wconf 76' lang='lat' dir='ltr'><strong>diguitatis</strong></span> <span class='ocrx_word' id='word_1_122' title='bbox 869 2661 956 2754; x_wconf 80' lang='grc' dir='ltr'>ἅλις,</span> <span class='ocrx_word' id='word_1_123' title='bbox 994 2671 1175 2761; x_wconf 84' lang='lat' dir='ltr'><strong>tamquam</strong></span> <span class='ocrx_word' id='word_1_124' title='bbox 1212 2660 1327 2756; x_wconf 74' lang='grc' dir='ltr'><strong><em>δρυόςε</em></strong></span> 
     </span>
     <span class='ocr_line' id='line_1_18' title="bbox 317 2780 1327 2885; baseline 0.002 -29"><span class='ocrx_word' id='word_1_125' title='bbox 317 2780 439 2884; x_wconf 82' lang='lat' dir='ltr'><strong>saluti,</strong></span> <span class='ocrx_word' id='word_1_126' title='bbox 463 2785 498 2857; x_wconf 84' lang='lat' dir='ltr'><strong>si</strong></span> <span class='ocrx_word' id='word_1_127' title='bbox 521 2811 579 2858; x_wconf 89' lang='lat' dir='ltr'><strong>me</strong></span> <span class='ocrx_word' id='word_1_128' title='bbox 611 2810 730 2885; x_wconf 84' lang='lat' dir='ltr'><strong>amas,</strong></span> <span class='ocrx_word' id='word_1_129' title='bbox 762 2783 915 2858; x_wconf 90' lang='lat' dir='ltr'><strong>consule.</strong></span> <span class='ocrx_word' id='word_1_130' title='bbox 950 2785 1009 2858; x_wconf 85' lang='lat' dir='ltr'><strong>Me</strong></span> <span class='ocrx_word' id='word_1_131' title='bbox 1041 2784 1226 2860; x_wconf 74' lang='lat' dir='ltr'><strong>miserum!</strong></span> <span class='ocrx_word' id='word_1_132' title='bbox 1264 2810 1327 2858; x_wconf 89' lang='lat' dir='ltr'><strong>cur</strong></span> 
     </span>
     <span class='ocr_line' id='line_1_19' title="bbox 315 2907 1328 3012; baseline 0.004 -31"><span class='ocrx_word' id='word_1_133' title='bbox 315 2921 393 2984; x_wconf 90' lang='lat' dir='ltr'><strong>non</strong></span> <span class='ocrx_word' id='word_1_134' title='bbox 416 2907 518 3001; x_wconf 77' lang='lat' dir='ltr'><strong>adest</strong></span> <span class='ocrx_word' id='word_1_135' title='bbox 541 2910 647 2986; x_wconf 87' lang='lat' dir='ltr'><strong>Nihil</strong></span> <span class='ocrx_word' id='word_1_136' title='bbox 662 2925 697 2985; x_wconf 86' lang='lat' dir='ltr'><strong>te</strong></span> <span class='ocrx_word' id='word_1_137' title='bbox 722 2910 883 3011; x_wconf 79' lang='lat' dir='ltr'><strong>profecto</strong></span> <span class='ocrx_word' id='word_1_138' title='bbox 908 2912 1141 3012; x_wconf 70' lang='lat' dir='ltr'><strong>praeteriret,</strong></span> <span class='ocrx_word' id='word_1_139' title='bbox 1166 2936 1233 3010; x_wconf 86' lang='lat' dir='ltr'><strong>ego</strong></span> <span class='ocrx_word' id='word_1_140' title='bbox 1258 2910 1328 2985; x_wconf 86' lang='lat' dir='ltr'><strong>for·</strong></span> 
     </span>
     <span class='ocr_line' id='line_1_20' title="bbox 317 3037 1326 3134; baseline 0.002 -26"><span class='ocrx_word' id='word_1_141' title='bbox 317 3046 410 3108; x_wconf 83' lang='lat' dir='ltr'><strong>tasse</strong></span> <span class='ocrx_word' id='word_1_142' title='bbox 441 3040 618 3134; x_wconf 79' lang='grc' dir='ltr'><strong>τυφλώττω,</strong></span> <span class='ocrx_word' id='word_1_143' title='bbox 650 3051 687 3112; x_wconf 88' lang='lat' dir='ltr'><strong>et</strong></span> <span class='ocrx_word' id='word_1_144' title='bbox 708 3037 864 3110; x_wconf 62' lang='lat' dir='ltr'><strong>&#39;nimium</strong></span> <span class='ocrx_word' id='word_1_145' title='bbox 894 3049 937 3134; x_wconf 84' lang='grc' dir='ltr'><strong>τῷ</strong></span> <span class='ocrx_word' id='word_1_146' title='bbox 978 3041 1059 3131; x_wconf 81' lang='grc' dir='ltr'>καλῷ</span> <span class='ocrx_word' id='word_1_147' title='bbox 1095 3043 1326 3134; x_wconf 66' lang='grc' dir='ltr'><strong>προσπέπονθα.</strong></span> 
     </span>
     <span class='ocr_line' id='line_1_21' title="bbox 316 3157 1325 3266; baseline 0.005 -35"><span class='ocrx_word' id='word_1_148' title='bbox 316 3159 413 3234; x_wconf 90' lang='lat' dir='ltr'><strong>Scito</strong></span> <span class='ocrx_word' id='word_1_149' title='bbox 437 3157 523 3236; x_wconf 89' lang='lat' dir='ltr'><strong>nihil</strong></span> <span class='ocrx_word' id='word_1_150' title='bbox 549 3187 717 3266; x_wconf 88' lang='lat' dir='ltr'><strong>umquam</strong></span> <span class='ocrx_word' id='word_1_151' title='bbox 741 3163 848 3238; x_wconf 78' lang='lat' dir='ltr'><strong>firirsc</strong></span> <span class='ocrx_word' id='word_1_152' title='bbox 875 3177 951 3238; x_wconf 85' lang='lat' dir='ltr'><strong>tam</strong></span> <span class='ocrx_word' id='word_1_153' title='bbox 975 3161 1128 3264; x_wconf 81' lang='lat' dir='ltr'><strong>infame,</strong></span> <span class='ocrx_word' id='word_1_154' title='bbox 1152 3174 1227 3236; x_wconf 85' lang='lat' dir='ltr'><strong>tam</strong></span> <span class='ocrx_word' id='word_1_155' title='bbox 1252 3178 1325 3237; x_wconf 86' lang='lat' dir='ltr'><strong>tur·</strong></span> 
     </span>
    </p>

    <p class='ocr_par' dir='ltr' id='par_1_4' title="bbox 155 3257 1323 4023">
     <span class='ocr_line' id='line_1_22' title="bbox 267 3257 1321 3486; baseline 0.007 -131"><span class='ocrx_word' id='word_1_156' title='bbox 267 3365 268 3370; x_wconf 6' lang='grc' dir='ltr'>ἵ</span> <span class='ocrx_word' id='word_1_157' title='bbox 314 3308 378 3388; x_wconf 91' lang='lat' dir='ltr'><strong>pe,</strong></span> <span class='ocrx_word' id='word_1_158' title='bbox 394 3257 702 3486; x_wconf 41' lang='lat' dir='ltr'><strong>imeffaequel</strong></span> <span class='ocrx_word' id='word_1_159' title='bbox 728 3287 892 3364; x_wconf 81' lang='lat' dir='ltr'><strong>omuibus</strong></span> <span class='ocrx_word' id='word_1_160' title='bbox 911 3288 1110 3390; x_wconf 81' lang='lat' dir='ltr'><strong>generibus,</strong></span> <span class='ocrx_word' id='word_1_161' title='bbox 1127 3288 1321 3388; x_wconf 86' lang='lat' dir='ltr'><strong>ordinibus,</strong></span> 
     </span>
     <span class='ocr_line' id='line_1_23' title="bbox 155 3403 1322 3526; baseline 0.007 -46"><span class='ocrx_word' id='word_1_162' title='bbox 155 3453 162 3474; x_wconf 40' lang='grc' dir='ltr'>κ</span> <span class='ocrx_word' id='word_1_163' title='bbox 305 3409 487 3526; x_wconf 74' lang='lat' dir='ltr'><strong>¹aetatibus</strong></span> <span class='ocrx_word' id='word_1_164' title='bbox 512 3436 534 3486; x_wconf 99' lang='lat' dir='ltr'><strong>o</strong></span> <span class='ocrx_word' id='word_1_165' title='bbox 559 3440 701 3516; x_wconf 88' lang='lat' dir='ltr'><strong>ensum,</strong></span> <span class='ocrx_word' id='word_1_166' title='bbox 725 3442 832 3518; x_wconf 87' lang='lat' dir='ltr'><strong>quam</strong></span> <span class='ocrx_word' id='word_1_167' title='bbox 852 3411 948 3490; x_wconf 90' lang='lat' dir='ltr'><strong>hunc</strong></span> <span class='ocrx_word' id='word_1_168' title='bbox 974 3403 1123 3514; x_wconf 85' lang='lat' dir='ltr'><strong>statum,</strong></span> <span class='ocrx_word' id='word_1_169' title='bbox 1149 3414 1210 3517; x_wconf 92' lang='lat' dir='ltr'><strong>qui</strong></span> <span class='ocrx_word' id='word_1_170' title='bbox 1227 3441 1322 3489; x_wconf 91' lang='lat' dir='ltr'><strong>nunc</strong></span> 
     </span>
     <span class='ocr_line' id='line_1_24' title="bbox 314 3539 1323 3644; baseline 0.009 -38"><span class='ocrx_word' id='word_1_171' title='bbox 314 3548 388 3607; x_wconf 83' lang='lat' dir='ltr'><strong>est:</strong></span> <span class='ocrx_word' id='word_1_172' title='bbox 407 3539 523 3636; x_wconf 82' lang='lat' dir='ltr'><strong>&#39;magis</strong></span> <span class='ocrx_word' id='word_1_173' title='bbox 547 3540 763 3642; x_wconf 84' lang='lat' dir='ltr'><strong>mehercule,</strong></span> <span class='ocrx_word' id='word_1_174' title='bbox 795 3565 903 3644; x_wconf 89' lang='lat' dir='ltr'><strong>quam</strong></span> <span class='ocrx_word' id='word_1_175' title='bbox 940 3539 1086 3640; x_wconf 80' lang='lat' dir='ltr'><strong>vellem,</strong></span> <span class='ocrx_word' id='word_1_176' title='bbox 1114 3566 1188 3614; x_wconf 90' lang='lat' dir='ltr'><strong>non</strong></span> <span class='ocrx_word' id='word_1_177' title='bbox 1213 3539 1323 3615; x_wconf 91' lang='lat' dir='ltr'><strong>modo</strong></span> 
     </span>
     <span class='ocr_line' id='line_1_25' title="bbox 314 3666 1323 3770; baseline 0.007 -37"><span class='ocrx_word' id='word_1_178' title='bbox 314 3687 420 3763; x_wconf 88' lang='lat' dir='ltr'><strong>quam</strong></span> <span class='ocrx_word' id='word_1_179' title='bbox 444 3675 614 3766; x_wconf 83' lang='lat' dir='ltr'><strong>putaram.</strong></span> <span class='ocrx_word' id='word_1_180' title='bbox 639 3668 833 3770; x_wconf 87' lang='lat' dir='ltr'><strong>Populares</strong></span> <span class='ocrx_word' id='word_1_181' title='bbox 858 3666 948 3741; x_wconf 76' lang='lat' dir='ltr'><strong>istit</strong></span> <span class='ocrx_word' id='word_1_182' title='bbox 974 3667 1045 3740; x_wconf 83' lang='lat' dir='ltr'><strong>iem</strong></span> <span class='ocrx_word' id='word_1_183' title='bbox 1069 3667 1117 3739; x_wconf 89' lang='lat' dir='ltr'><strong>eti</strong></span> <span class='ocrx_word' id='word_1_184' title='bbox 1199 3666 1323 3742; x_wconf 89' lang='lat' dir='ltr'><strong>mode-</strong></span> 
     </span>
     <span class='ocr_line' id='line_1_26' title="bbox 313 3691 1321 3881; baseline 0.009 -22"><span class='ocrx_word' id='word_1_185' title='bbox 313 3801 388 3862; x_wconf 80' lang='lat' dir='ltr'><strong>stos</strong></span> <span class='ocrx_word' id='word_1_186' title='bbox 413 3783 572 3866; x_wconf 81' lang='lat' dir='ltr'><strong>homiues</strong></span> <span class='ocrx_word' id='word_1_187' title='bbox 597 3786 735 3868; x_wconf 85' lang='lat' dir='ltr'><strong>sibilare</strong></span> <span class='ocrx_word' id='word_1_188' title='bbox 762 3691 1321 3881; x_wconf 58' lang='lat' dir='ltr'><strong>docuemnt„Buuullh1caelo</strong></span> 
     </span>
     <span class='ocr_line' id='line_1_27' title="bbox 314 3916 1260 4023; baseline 0.011 -40"><span class='ocrx_word' id='word_1_189' title='bbox 314 3927 386 3986; x_wconf 85' lang='lat' dir='ltr'><strong>cst:</strong></span> <span class='ocrx_word' id='word_1_190' title='bbox 412 3941 498 4017; x_wconf 88' lang='lat' dir='ltr'><strong>nec,</strong></span> <span class='ocrx_word' id='word_1_191' title='bbox 523 3945 650 4022; x_wconf 86' lang='lat' dir='ltr'><strong>quare,</strong></span> <span class='ocrx_word' id='word_1_192' title='bbox 673 3923 767 4023; x_wconf 74' lang='lat' dir='ltr'><strong>scio,</strong></span> <span class='ocrx_word' id='word_1_193' title='bbox 791 3918 855 3993; x_wconf 89' lang='lat' dir='ltr'><strong>sed</strong></span> <span class='ocrx_word' id='word_1_194' title='bbox 879 3921 929 3994; x_wconf 85' lang='lat' dir='ltr'><strong>ita</strong></span> <span class='ocrx_word' id='word_1_195' title='bbox 953 3916 1134 4018; x_wconf 86' lang='lat' dir='ltr'><strong>laudetur,</strong></span> <span class='ocrx_word' id='word_1_196' title='bbox 1159 3920 1260 4020; x_wconf 85' lang='lat' dir='ltr'><strong>quasi</strong></span> 
     </span>
    </p>
   </div>
   <div class='ocr_carea' id='block_1_4' title="bbox 433 4061 1217 4279">
    <p class='ocr_par' dir='ltr' id='par_1_5' title="bbox 433 4061 1217 4279">
     <span class='ocr_line' id='line_1_28' title="bbox 433 4061 1217 4279; baseline 0.001 -155"><span class='ocrx_word' id='word_1_197' title='bbox 433 4061 519 4124; x_wconf 81' lang='lat' dir='ltr'><strong>Vnus</strong></span> <span class='ocrx_word' id='word_1_198' title='bbox 539 4063 632 4126; x_wconf 89' lang='lat' dir='ltr'><strong>homo</strong></span> <span class='ocrx_word' id='word_1_199' title='bbox 652 4065 932 4279; x_wconf 36' lang='lat' dir='ltr'><strong>noannctando</strong></span> <span class='ocrx_word' id='word_1_200' title='bbox 955 4065 1093 4125; x_wconf 73' lang='lat' dir='ltr'><strong>restituat</strong></span> <span class='ocrx_word' id='word_1_201' title='bbox 1112 4085 1178 4127; x_wconf 89' lang='lat' dir='ltr'><strong>rem</strong></span> <span class='ocrx_word' id='word_1_202' title='bbox 1193 4067 1217 4125; x_wconf 86' lang='lat'><strong>⁵.</strong></span> 
     </span>
    </p>
   </div>
   <div class='ocr_carea' id='block_1_5' title="bbox 0 0 1466 5002">
    <p class='ocr_par' dir='ltr' id='par_1_6' title="bbox 0 0 1466 5002">
     <span class='ocr_line' id='line_1_29' title="bbox 0 0 1466 5002; baseline 0 2"><span class='ocrx_word' id='word_1_203' title='bbox 0 0 1466 5002; x_wconf 95' lang='lat' dir='ltr'><strong> </strong></span> 
     </span>
    </p>
   </div>
  </div>
 </body>
</html>
