2924 5002
310 389 381 484 264
657 404 827 458 rrrsrom
853 407 950 458 xtrv.
1091 403 1127 454 a·
1139 408 1172 458 v.
1190 408 1219 456 c.
1236 401 1288 471 ⁶94

307 512 394 615 quid
410 523 501 584 esset
516 509 611 582 novi.
629 507 806 582 Tenemur
823 506 997 609 undique3
1013 531 1128 608 neque
1144 511 1226 608 iam,
1242 537 1314 610 quo

307 640 424 712 minus
449 637 663 736 serviamus,
685 661 901 734 recusamus,
926 634 990 708 sed
1015 647 1165 708 mortem
1191 650 1227 708 et
1251 639 1316 709 eie-

308 764 480 862 ctionem,
505 762 604 864 quasi
620 759 775 862 maiora,
788 762 950 834 timemus
959 787 969 860 3
986 784 1075 861 quae
1092 759 1203 834 multo
1230 759 1328 834 sunt

307 886 454 964 minora.
480 891 598 990 Atque
624 887 682 961 hic
700 873 828 986 status,
851 887 935 990 qui²
955 912 1025 960 una
1041 911 1130 960 voce
1156 889 1314 962 omnium

308 1018 474 1115 gemitur,
498 1039 614 1117 neque
639 1009 747 1089 verbo
773 1015 979 1116 cuiusquam
995 1012 1205 1086 sublevatur.
1236 1021 1313 1082 Eze-

307 1148 361 1222 πὸς
379 1156 446 1241 est,
471 1155 512 1214 ut
529 1142 711 1241 suspicor,
728 1139 810 1239 illis,
835 1141 896 1241 qui
913 1153 1035 1215 tenent
1047 1155 1072 1239 ²,
1088 1137 1222 1213 nullam
1248 1140 1317 1212 cui-

308 1295 415 1371 quam
446 1268 671 1368 largitionem
702 1266 905 1368 relinquere.
939 1266 1041 1339 Vnus
1073 1264 1248 1366 loquitur,
1279 1279 1318 1338 et

308 1395 425 1496 palam
443 1394 650 1469 adversatur
676 1391 880 1472 adolescens
895 1391 1004 1465 Curio
1019 1393 1043 1462 ³.
1061 1389 1153 1462 Huic
1170 1389 1315 1490 plausus

307 1523 466 1621 maximi,
483 1519 718 1594 consalutatio
744 1519 890 1593 forensis
916 1516 1187 1618 perhonorifice,
1215 1518 1315 1614 signa

308 1662 491 1750 praeterea
517 1643 777 1722 benivolentiae
809 1639 988 1746 permulta
1009 1671 1029 1716 a
1054 1633 1171 1724 honis¹
1190 1623 1318 1744 imperss

308 1774 453 1848 tiuntur.
470 1775 611 1847 Fufium
628 1767 859 1873 clamoribus,
883 1786 921 1844 et
937 1771 1120 1869 conviciis,
1148 1784 1184 1843 et
1203 1765 1317 1844 sibilis

211 1991 213 1996 Ι
309 1912 566 1974 consectantur.
584 1900 649 1972 His
667 1924 711 1971 ex
726 1897 831 1972 rebus
848 1923 922 1972 non
935 1922 1029 1997 spes,
1054 1895 1118 1970 sed
1135 1894 1238 1970 dolor
1262 1912 1318 1970 est

307 2024 438 2124 maior,
453 2049 562 2126 quum
580 2023 702 2098 videas
719 2024 872 2096 civitatis
889 2021 1277 2128 voluntatemsolntam
1288 2022 1320 2122 t,

307 2150 477 2225 virtutem
503 2150 687 2249 alligatam.
714 2151 829 2224 Acne
845 2148 934 2232 sorte
952 2173 1098 2250 quaeras
1117 2151 1195 2218 κατὰ
1211 2153 1318 2220 λεπτόν

307 2275 373 2359 [de
399 2275 542 2374 singulis
569 2275 692 2366 rebus]
699 2330 709 2374 ,
733 2275 895 2350 universa
921 2299 976 2347 res
1002 2287 1125 2376 coest
1142 2272 1314 2380 deducta,

283 2465 288 2470 .
308 2426 390 2500 spes
415 2400 576 2476 utnulla
601 2403 662 2501 sit,
687 2400 877 2504 ahquando
902 2426 976 2474 non
1000 2399 1109 2474 modo
1138 2401 1317 2504 privatos,

307 2551 431 2600 verum
455 2527 562 2600 etiam
587 2510 809 2626 magistratus
833 2525 966 2600 liberos
990 2524 1074 2599 fore.
1093 2526 1170 2599 Hac
1196 2539 1316 2599 tamen

305 2651 344 2722 in
362 2653 591 2756 oppressione
606 2678 740 2752 sermo,
756 2653 794 2724 in
820 2651 958 2726 circulis
976 2650 1159 2752 dumtaxat
1175 2665 1213 2724 et
1230 2677 1315 2726 con-

306 2777 429 2878 viviis,
453 2792 506 2852 est
530 2777 688 2878 liberior,
714 2802 821 2880 (pram
845 2777 918 2850 fuit
945 2773 1099 2851 Vincere
1122 2755 1250 2878 incipit
1274 2779 1313 2850 ti·

305 2925 442 2975 morem
469 2902 589 3004 dolor,
620 2905 775 3004 sedita,
807 2917 848 2980 ut
873 2905 992 2979 omnia
1017 2905 1088 2978 sint
1111 2902 1315 3005 plenissima

308 3021 570 3128 desperationis.

357 3181 378 3225 2
405 3152 523 3228 Habet
547 3157 656 3230 etiam
673 3153 856 3256 Campana
873 3155 930 3228 lex
947 3156 1223 3230 exsecrationem
1235 3156 1264 3256 ⁵,
1279 3158 1318 3231 in

306 3278 496 3380 concione,
522 3280 809 3382 candidatorum,
841 3284 871 3355 si
903 3285 1120 3356 mentionem
1145 3281 1317 3384 fecerint,
1366 3339 1369 3346 ,

305 3427 377 3504 quo
403 3401 503 3478 aliter
528 3428 609 3504 ager
633 3406 873 3508 possideatur,
905 3422 1012 3510 atque
1045 3422 1086 3481 ut
1109 3432 1153 3480 ex
1178 3406 1316 3507 legibus

304 3528 410 3602 Iuliis.
435 3529 519 3604 Non
545 3530 716 3620 dubitant
737 3533 850 3628 iurare
878 3534 1001 3608 ceteri:
1026 3533 1228 3608 Laterensis
1249 3534 1317 3606 exi·

214 3748 216 3763 k
303 3654 467 3742 stimatur
492 3655 586 3731 laute
618 3658 742 3732 fecisse
758 3663 786 3759 ⁶,
818 3658 916 3762 quod
948 3653 1167 3734 tribunatum
1200 3657 1314 3760 plebis
1342 3654 1347 3659 ’

204 3864 205 3869 ,
303 3795 423 3887 petere
450 3782 599 3884 destitit,
624 3811 669 3858 ne
693 3788 833 3860 iuraret.
863 3784 933 3858 Sed
951 3785 997 3860 de
1014 3811 1053 3859 re
1070 3783 1213 3886 publica
1240 3809 1312 3858 non

301 3903 391 4006 ttae
425 3908 525 4011 plura
556 3897 720 3988 scribere.
758 3911 955 4016 Displiceo¹
975 3911 1087 4010 mihi,
1126 3936 1193 3985 nec
1234 3912 1307 3985 sine
