2924 5002
514 389 551 438 m
576 385 766 438 cusrouts
1066 363 1139 462 329

175 491 226 554 hic
246 489 356 552 modus
378 487 518 571 loquendi
540 489 676 550 Ciceroni
702 488 863 556 familiaris¹
879 488 979 548 nescio
1001 487 1075 568 quid
1096 489 1139 545 in-

176 600 304 670 tentius,
325 595 409 679 quod
429 596 534 656 melius
555 615 589 656 ex
611 617 657 678 ep.
670 593 904 666 DCCXCVIII,
925 592 1033 654 amed.
1055 591 1140 654 intel-

175 705 291 786 ligitur:
314 703 464 764 Hortatur
481 721 541 772 me,
564 713 595 764 ut
614 703 729 764 senatui
753 702 897 774 scribam,
919 722 964 762 me
984 713 1013 762 et
1025 701 1139 760 exerci-

178 823 239 870 tum
258 812 288 870 in
306 821 449 891 potestate
470 809 530 868 eius
542 807 691 890 jutarum.

134 915 156 992 4
176 916 300 977 Graecis
321 916 413 977 literis
435 913 609 988 Ἑρμῐρᾰκλας
631 937 662 976 se
675 915 781 996 legisse
794 917 826 974 in
845 925 914 976 vett.
932 912 997 973 edd.
1013 912 1139 974 Vrsinus

177 1033 314 1082 testetur.

135 1127 328 1210 5lnteliige,
350 1129 507 1203 renalem3
534 1127 627 1190 libros
656 1130 816 1200 nimirum,
845 1146 921 1209 quos
944 1129 1059 1188 Atticus
1087 1124 1139 1184 de-

177 1233 268 1294 scribi
289 1256 307 1294 a
327 1237 388 1296 suis
409 1238 502 1297 servis
523 1234 655 1298 iubebat.

134 1338 157 1400 6
178 1341 309 1420 Pregnas
329 1339 423 1403 libros
444 1354 558 1404 veteres
579 1341 692 1404 hebere
712 1353 838 1404 testatur
851 1340 1034 1412 Lambinus,
1055 1339 1140 1399 etsie

131 1485 136 1490 -
175 1446 283 1508 dixisse
304 1457 419 1510 veteres
439 1448 532 1510 tradit
551 1447 690 1522 Probus,
717 1452 927 1531 repetiturque
957 1446 1039 1528 apud
1065 1448 1140 1526 poe·

175 1564 230 1616 tes.
260 1553 471 1616 Probeveruut
494 1555 707 1627 Caseubonus,
729 1555 898 1638 Malaspina
927 1564 957 1614 et
978 1553 1140 1620 Graevius

175 1669 207 1720 et
229 1673 408 1743 receperunt
433 1662 590 1735 Olivetus,
605 1661 756 1744 Verburg.
779 1673 811 1724 et
830 1660 997 1722 Schiitzius.
1017 1657 1077 1718 Sed
1096 1669 1140 1716 ta-

174 1786 264 1838 men,
289 1779 323 1828 ut
342 1767 418 1828 bene
443 1771 561 1829 monuit
586 1768 763 1840 Ernestius,
790 1790 851 1830 non
872 1787 930 1850 pro
964 1775 1046 1828 certo
1079 1763 1140 1822 dici

173 1883 274 1954 potest
296 1874 470 1935 Ciceronem
490 1874 569 1935 hauc
589 1886 722 1936 veterem
743 1875 872 1936 formam
898 1883 1033 1935 secutum
1055 1889 1139 1940 esse,

176 1982 355 2063 praesertim
375 1983 407 2040 in
430 1981 487 2042 hac
507 1982 648 2064 epistola,
674 2003 770 2064 quum
791 1969 901 2043 'ceteris
929 1981 960 2040 in
988 1977 1078 2048 locis,
1105 1985 1141 2033 ut

173 2086 212 2147 de
232 2087 301 2146 Div.
327 2109 358 2161 n,
380 2108 431 2163 2⁰3
451 2099 481 2148 et
501 2087 556 2148 Or.
582 2110 612 2160 1,
632 2090 687 2165 4ο,
704 2110 851 2170 pregnans
871 2083 1076 2168 usurpaverit.

135 2215 153 2274 7
176 2192 361 2269 Praetoriis3
391 2197 422 2254 in
448 2192 557 2276 quibus
591 2195 650 2255 scil.
677 2206 851 2277 praeturam
879 2193 1008 2278 petebat.
1035 2193 1140 2270 Quum

175 2303 272 2372 enim,
291 2303 323 2360 in
344 2321 380 2361 ea
400 2300 544 2382 epistola,
571 2321 663 2382 quam
692 2314 801 2384 quarto
823 2303 890 2362 loco
917 2301 1140 2368 constituimus,

141 2439 143 2447 ι
175 2409 329 2489 scripserit
350 2405 455 2466 Cicero
473 2407 635 2468 Tulliolam
658 2409 862 2470 munimentum
883 2410 973 2469 Attici
981 2405 1140 2488 flemme,

173 2533 306 2595 eumque
326 2525 360 2573 ut
379 2523 549 2595 sponsorem
556 2515 717 2596 flagitare,
738 2519 769 2576 in
789 2514 847 2576 hac
861 2535 934 2576 vero
948 2535 1016 2584 eam
1028 2532 1138 2593 urgere

174 2622 310 2682 Atticum
331 2619 411 2680 dicat
431 2620 467 2681 de
488 2621 680 2692 muntuculo,
704 2624 791 2702 eique
806 2621 887 2682 diem
907 2620 993 2694 dare3
1014 2628 1140 2699 apparet

175 2727 257 2788 hanc
277 2747 340 2788 esse
353 2729 510 2810 propriam
524 2726 615 2790 huius
630 2728 774 2810 epistolae
788 2726 898 2790 sedem.
921 2727 1075 2804 Quoniam
1085 2745 1139 2782 ειυ-

174 2846 237 2895 tem
259 2837 289 2894 in
310 2832 368 2894 hac
382 2835 508 2916 epistola
521 2836 606 2915 signa
620 2835 773 2915 Megarica
785 2834 921 2895 nondum
934 2833 964 2894 in
977 2831 1073 2892 navim
1086 2831 1137 2890 im-

174 2943 274 3024 posita
293 2961 356 3002 esse
384 2939 605 3022 significantur,
626 2945 657 3003 in
679 2963 726 3024 ep.
753 2961 826 3003 vero
847 2939 993 3012 V1111,3
1019 2940 1081 2998 iam
1107 2940 1138 2998 in

177 3047 378 3107 Formianum
399 3047 524 3108 advecta
545 3069 607 3110 esse
627 3051 823 3135 perspicuum
844 3056 901 3122 est3
923 3047 1065 3106 nimirum
1087 3065 1139 3125 ap-

177 3163 266 3234 paret
284 3152 362 3213 hanc
382 3163 451 3213 ante
470 3153 556 3216 illam
576 3175 640 3216 esse
654 3158 805 3236 scriptam.
827 3153 868 3214 Et
883 3173 977 3234 quum
992 3151 1043 3210 illa
1056 3171 1073 3210 a
1088 3147 1138 3209 Ci·
1240 3211 1242 3214 .

179 3279 288 3320 cerone
303 3269 442 3340 praetore
456 3262 567 3341 scripta
584 3236 640 3333 sit,
660 3273 694 3320 ut
708 3260 912 3335 ostlndemus3
933 3258 1004 3319 hinc
1019 3259 1140 3318 comitia

176 3364 269 3426 huius
289 3365 346 3426 loci
361 3365 535 3447 accipienda
548 3379 618 3428 sunt
630 3371 797 3449 praetoria,
817 3387 879 3428 uon
894 3365 1071 3428 consularia.
1090 3364 1140 3424 Sic

179 3482 259 3534 recte
273 3474 469 3534 ratiocinatur
489 3473 656 3547 Manutius,
677 3478 724 3534 cui
740 3475 855 3540 accedit
869 3473 1052 3554 lllongaltius
1066 3490 1138 3530 con·

179 3588 226 3638 tra
245 3578 409 3638 Macetum.
748 3641 750 3648 ,
1019 3644 1022 3656 1

137 3684 158 3745 8
179 3682 250 3744 Scil.
271 3683 401 3744 Romam
422 3707 460 3746 ne
480 3687 612 3758 venires,
634 3687 813 3768 suffragium
836 3687 952 3748 loturus
973 3686 1057 3748 mihi.

138 3812 160 3873 9
180 3789 231 3850 Sic
251 3792 382 3854 correxit
401 3793 517 3873 primus
531 3792 635 3859 Bosius
650 3815 666 3854 e
681 3793 732 3853 lib.
754 3816 809 3854 scr.
822 3795 946 3856 Bosium
961 3793 1052 3854 secuti
1071 3799 1140 3850 sunt
1224 3817 1235 3830 κ

179 3899 374 3971 recentiores,
394 3909 513 3980 praeter
527 3897 750 3983 Verburgiuur,
767 3904 819 3982 qui
834 3901 988 3982 vulgatam
1003 3898 1075 3959 olim
1096 3897 1139 3957 le-
