<?xml version="1.0" encoding="UTF-8"?>
<!DOCTYPE html PUBLIC "-//W3C//DTD XHTML 1.0 Transitional//EN"
    "http://www.w3.org/TR/xhtml1/DTD/xhtml1-transitional.dtd">
<html xmlns="http://www.w3.org/1999/xhtml" xml:lang="en" lang="en">
 <head>
  <title>
</title>
<meta http-equiv="Content-Type" content="text/html;charset=utf-8" />
  <meta name='ocr-system' content='tesseract 3.04.00' />
  <meta name='ocr-capabilities' content='ocr_page ocr_carea ocr_par ocr_line ocrx_word'/>
</head>
<body>
  <div class='ocr_page' id='page_1' title='image "./mtulliiciceroni76cicegoog/mtulliiciceroni76cicegoog_0207.png"; bbox 0 0 2886 5000; ppageno 0'>
   <div class='ocr_carea' id='block_1_1' title="bbox 218 405 1309 492">
    <p class='ocr_par' dir='ltr' id='par_1_1' title="bbox 218 405 1309 492">
     <span class='ocr_line' id='line_1_1' title="bbox 218 405 1309 492; baseline -0.003 -28"><span class='ocrx_word' id='word_1_1' title='bbox 218 453 224 472; x_wconf 42' lang='lat' dir='ltr'><em>J</em></span> <span class='ocrx_word' id='word_1_2' title='bbox 336 409 403 492; x_wconf 83' lang='lat'><strong>172</strong></span> <span class='ocrx_word' id='word_1_3' title='bbox 684 405 856 464; x_wconf 73' lang='lat' dir='ltr'><strong>zrrsrott</strong></span> <span class='ocrx_word' id='word_1_4' title='bbox 881 408 974 463; x_wconf 79' lang='lat' dir='ltr'><strong>x&#39;xrx.</strong></span> <span class='ocrx_word' id='word_1_5' title='bbox 1112 413 1144 460; x_wconf 78' lang='grc' dir='ltr'><strong>Α.</strong></span> <span class='ocrx_word' id='word_1_6' title='bbox 1160 409 1194 462; x_wconf 86' lang='lat' dir='ltr'><strong>v.</strong></span> <span class='ocrx_word' id='word_1_7' title='bbox 1215 415 1243 461; x_wconf 88' lang='lat' dir='ltr'><strong>c.</strong></span> <span class='ocrx_word' id='word_1_8' title='bbox 1259 409 1309 476; x_wconf 78' lang='lat'><strong>⁶9³</strong></span> 
     </span>
    </p>
   </div>
   <div class='ocr_carea' id='block_1_2' title="bbox 223 511 1337 4026">
    <p class='ocr_par' dir='ltr' id='par_1_2' title="bbox 223 511 1337 4026">
     <span class='ocr_line' id='line_1_2' title="bbox 377 511 1332 619; baseline -0.001 -28"><span class='ocrx_word' id='word_1_9' title='bbox 377 517 422 591; x_wconf 89' lang='lat'><strong>11.</strong></span> <span class='ocrx_word' id='word_1_10' title='bbox 434 517 481 591; x_wconf 90' lang='lat' dir='ltr'><strong>At</strong></span> <span class='ocrx_word' id='word_1_11' title='bbox 494 511 587 590; x_wconf 88' lang='lat' dir='ltr'><strong>enim</strong></span> <span class='ocrx_word' id='word_1_12' title='bbox 604 511 696 590; x_wconf 88' lang='lat' dir='ltr'><strong>iuter</strong></span> <span class='ocrx_word' id='word_1_13' title='bbox 712 515 777 592; x_wconf 85' lang='lat' dir='ltr'><strong>hos</strong></span> <span class='ocrx_word' id='word_1_14' title='bbox 794 519 891 619; x_wconf 87' lang='lat' dir='ltr'><strong>ipsos</strong></span> <span class='ocrx_word' id='word_1_15' title='bbox 909 515 1088 588; x_wconf 87' lang='lat' dir='ltr'><strong>exsistunt</strong></span> <span class='ocrx_word' id='word_1_16' title='bbox 1105 541 1227 613; x_wconf 82' lang='lat' dir='ltr'><strong>graves</strong></span> <span class='ocrx_word' id='word_1_17' title='bbox 1245 541 1332 590; x_wconf 78' lang='lat' dir='ltr'><strong>oon-</strong></span> 
     </span>
     <span class='ocr_line' id='line_1_3' title="bbox 327 619 1337 742; baseline -0.001 -25"><span class='ocrx_word' id='word_1_18' title='bbox 327 644 534 742; x_wconf 81' lang='lat' dir='ltr'><strong>troversiae,</strong></span> <span class='ocrx_word' id='word_1_19' title='bbox 550 641 681 717; x_wconf 85' lang='lat' dir='ltr'><strong>multae</strong></span> <span class='ocrx_word' id='word_1_20' title='bbox 697 619 896 715; x_wconf 28' lang='lat' dir='ltr'><strong>naseuntur·</strong></span> <span class='ocrx_word' id='word_1_21' title='bbox 912 639 1072 741; x_wconf 80' lang='lat' dir='ltr'><strong>iniuriae,</strong></span> <span class='ocrx_word' id='word_1_22' title='bbox 1088 659 1236 740; x_wconf 80' lang='lat' dir='ltr'><strong>magnae</strong></span> <span class='ocrx_word' id='word_1_23' title='bbox 1252 667 1337 716; x_wconf 60' lang='lat' dir='ltr'><strong>con*</strong></span> 
     </span>
     <span class='ocr_line' id='line_1_4' title="bbox 274 761 1336 870; baseline -0.002 -28"><span class='ocrx_word' id='word_1_24' title='bbox 274 845 277 850; x_wconf 71' lang='grc'>,</span> <span class='ocrx_word' id='word_1_25' title='bbox 328 767 503 870; x_wconf 78' lang='lat' dir='ltr'><strong>tentiones</strong></span> <span class='ocrx_word' id='word_1_26' title='bbox 520 777 789 870; x_wconf 85' lang='lat' dir='ltr'><strong>consequuntur.</strong></span> <span class='ocrx_word' id='word_1_27' title='bbox 818 767 933 866; x_wconf 84' lang='lat' dir='ltr'><strong>Quasi</strong></span> <span class='ocrx_word' id='word_1_28' title='bbox 951 789 1034 840; x_wconf 88' lang='lat' dir='ltr'><strong>vero</strong></span> <span class='ocrx_word' id='word_1_29' title='bbox 1060 792 1125 866; x_wconf 83' lang='lat' dir='ltr'><strong>ego</strong></span> <span class='ocrx_word' id='word_1_30' title='bbox 1139 761 1181 840; x_wconf 87' lang='lat' dir='ltr'><strong>id</strong></span> <span class='ocrx_word' id='word_1_31' title='bbox 1197 781 1336 868; x_wconf 81' lang='lat' dir='ltr'><strong>putem,</strong></span> 
     </span>
     <span class='ocr_line' id='line_1_5' title="bbox 327 885 1337 996; baseline -0.001 -28"><span class='ocrx_word' id='word_1_32' title='bbox 327 919 401 970; x_wconf 89' lang='lat' dir='ltr'><strong>non</strong></span> <span class='ocrx_word' id='word_1_33' title='bbox 425 908 461 967; x_wconf 89' lang='lat' dir='ltr'><strong>te</strong></span> <span class='ocrx_word' id='word_1_34' title='bbox 487 887 703 996; x_wconf 86' lang='lat' dir='ltr'><strong>aliquantum</strong></span> <span class='ocrx_word' id='word_1_35' title='bbox 719 889 853 992; x_wconf 82' lang='lat' dir='ltr'><strong>negotii</strong></span> <span class='ocrx_word' id='word_1_36' title='bbox 871 888 1051 967; x_wconf 89' lang='lat' dir='ltr'><strong>sustinere.</strong></span> <span class='ocrx_word' id='word_1_37' title='bbox 1075 885 1238 991; x_wconf 85' lang='lat' dir='ltr'><strong>Intelligo</strong></span> <span class='ocrx_word' id='word_1_38' title='bbox 1254 919 1337 994; x_wconf 85' lang='lat' dir='ltr'><strong>per-</strong></span> 
     </span>
     <span class='ocr_line' id='line_1_6' title="bbox 326 1011 1333 1119; baseline 0.001 -25"><span class='ocrx_word' id='word_1_39' title='bbox 326 1046 493 1119; x_wconf 82' lang='lat' dir='ltr'><strong>maguum</strong></span> <span class='ocrx_word' id='word_1_40' title='bbox 517 1046 593 1094; x_wconf 90' lang='lat' dir='ltr'><strong>esse</strong></span> <span class='ocrx_word' id='word_1_41' title='bbox 617 1017 818 1119; x_wconf 82' lang='lat' dir='ltr'><strong>negotium,</strong></span> <span class='ocrx_word' id='word_1_42' title='bbox 843 1033 879 1094; x_wconf 89' lang='lat' dir='ltr'><strong>et</strong></span> <span class='ocrx_word' id='word_1_43' title='bbox 903 1020 1046 1092; x_wconf 86' lang='lat' dir='ltr'><strong>maximi</strong></span> <span class='ocrx_word' id='word_1_44' title='bbox 1080 1011 1225 1096; x_wconf 76' lang='lat' dir='ltr'><strong>consilii⁴</strong></span> <span class='ocrx_word' id='word_1_45' title='bbox 1259 1013 1333 1095; x_wconf 87' lang='lat' dir='ltr'><strong>Sed</strong></span> 
     </span>
     <span class='ocr_line' id='line_1_7' title="bbox 325 1139 1331 1246; baseline -0.001 -28"><span class='ocrx_word' id='word_1_46' title='bbox 325 1154 523 1246; x_wconf 84' lang='lat' dir='ltr'><strong>memento,</strong></span> <span class='ocrx_word' id='word_1_47' title='bbox 547 1145 683 1221; x_wconf 82' lang='lat' dir='ltr'><strong>consilii</strong></span> <span class='ocrx_word' id='word_1_48' title='bbox 707 1172 764 1220; x_wconf 92' lang='lat' dir='ltr'><strong>me</strong></span> <span class='ocrx_word' id='word_1_49' title='bbox 796 1139 866 1219; x_wconf 88' lang='lat' dir='ltr'><strong>hoe</strong></span> <span class='ocrx_word' id='word_1_50' title='bbox 898 1147 1079 1244; x_wconf 76' lang='lat' dir='ltr'><strong>negotium</strong></span> <span class='ocrx_word' id='word_1_51' title='bbox 1112 1171 1187 1218; x_wconf 88' lang='lat' dir='ltr'><strong>esse</strong></span> <span class='ocrx_word' id='word_1_52' title='bbox 1218 1147 1331 1245; x_wconf 82' lang='lat' dir='ltr'><strong>magis</strong></span> 
     </span>
     <span class='ocr_line' id='line_1_8' title="bbox 326 1249 1330 1374; baseline 0.001 -30"><span class='ocrx_word' id='word_1_53' title='bbox 326 1272 523 1374; x_wconf 83' lang='lat' dir='ltr'><strong>aliquanto,</strong></span> <span class='ocrx_word' id='word_1_54' title='bbox 549 1297 654 1374; x_wconf 65' lang='lat' dir='ltr'><strong>mrem</strong></span> <span class='ocrx_word' id='word_1_55' title='bbox 678 1272 856 1372; x_wconf 81' lang='lat' dir='ltr'><strong>fortunae,</strong></span> <span class='ocrx_word' id='word_1_56' title='bbox 880 1249 1138 1372; x_wconf 50' lang='lat' dir='ltr'><strong>putaresQuid</strong></span> <span class='ocrx_word' id='word_1_57' title='bbox 1162 1285 1216 1344; x_wconf 87' lang='lat' dir='ltr'><strong>est</strong></span> <span class='ocrx_word' id='word_1_58' title='bbox 1232 1273 1330 1345; x_wconf 90' lang='lat' dir='ltr'><strong>enim</strong></span> 
     </span>
     <span class='ocr_line' id='line_1_9' title="bbox 223 1397 1334 1500; baseline 0 -30"><span class='ocrx_word' id='word_1_59' title='bbox 223 1451 228 1460; x_wconf 86' lang='lat'><em>-</em></span> <span class='ocrx_word' id='word_1_60' title='bbox 325 1399 475 1496; x_wconf 81' lang='lat' dir='ltr'><strong>negotii,</strong></span> <span class='ocrx_word' id='word_1_61' title='bbox 501 1398 680 1471; x_wconf 90' lang='lat' dir='ltr'><strong>continere</strong></span> <span class='ocrx_word' id='word_1_62' title='bbox 705 1422 783 1498; x_wconf 78' lang='lat' dir='ltr'><strong>eos,</strong></span> <span class='ocrx_word' id='word_1_63' title='bbox 809 1397 934 1500; x_wconf 84' lang='lat' dir='ltr'><strong>quibus</strong></span> <span class='ocrx_word' id='word_1_64' title='bbox 960 1397 1108 1498; x_wconf 78' lang='lat' dir='ltr'><strong>praesis,</strong></span> <span class='ocrx_word' id='word_1_65' title='bbox 1133 1397 1164 1469; x_wconf 91' lang='lat' dir='ltr'><strong>si</strong></span> <span class='ocrx_word' id='word_1_66' title='bbox 1188 1410 1224 1469; x_wconf 88' lang='lat' dir='ltr'><strong>te</strong></span> <span class='ocrx_word' id='word_1_67' title='bbox 1254 1397 1334 1498; x_wconf 87' lang='lat' dir='ltr'><strong>ipse</strong></span> 
     </span>
     <span class='ocr_line' id='line_1_10' title="bbox 326 1518 1334 1622; baseline 0 -26"><span class='ocrx_word' id='word_1_68' title='bbox 326 1521 529 1598; x_wconf 62' lang='lat' dir='ltr'><strong>contineas}</strong></span> <span class='ocrx_word' id='word_1_69' title='bbox 553 1521 598 1597; x_wconf 92' lang='lat' dir='ltr'><strong>Id</strong></span> <span class='ocrx_word' id='word_1_70' title='bbox 623 1535 742 1597; x_wconf 89' lang='lat' dir='ltr'><strong>autem</strong></span> <span class='ocrx_word' id='word_1_71' title='bbox 766 1518 813 1596; x_wconf 88' lang='lat' dir='ltr'><strong>sit</strong></span> <span class='ocrx_word' id='word_1_72' title='bbox 836 1545 1003 1622; x_wconf 81' lang='lat' dir='ltr'><strong>magnum</strong></span> <span class='ocrx_word' id='word_1_73' title='bbox 1028 1536 1064 1596; x_wconf 86' lang='lat' dir='ltr'><strong>et</strong></span> <span class='ocrx_word' id='word_1_74' title='bbox 1081 1521 1221 1596; x_wconf 90' lang='lat' dir='ltr'><strong>difficile</strong></span> <span class='ocrx_word' id='word_1_75' title='bbox 1239 1537 1334 1596; x_wconf 90' lang='lat' dir='ltr'><strong>cete·</strong></span> 
     </span>
     <span class='ocr_line' id='line_1_11' title="bbox 325 1647 1331 1756; baseline 0 -32"><span class='ocrx_word' id='word_1_76' title='bbox 325 1648 390 1756; x_wconf 82' lang='lat' dir='ltr'><strong>ris,</strong></span> <span class='ocrx_word' id='word_1_77' title='bbox 414 1651 513 1724; x_wconf 87' lang='lat' dir='ltr'><strong>sicut·</strong></span> <span class='ocrx_word' id='word_1_78' title='bbox 523 1665 576 1724; x_wconf 91' lang='lat' dir='ltr'><strong>est</strong></span> <span class='ocrx_word' id='word_1_79' title='bbox 594 1647 854 1724; x_wconf 88' lang='lat' dir='ltr'><strong>difficillimum:</strong></span> <span class='ocrx_word' id='word_1_80' title='bbox 872 1651 937 1723; x_wconf 89' lang='lat' dir='ltr'><strong>tibi</strong></span> <span class='ocrx_word' id='word_1_81' title='bbox 961 1663 998 1722; x_wconf 92' lang='lat' dir='ltr'><strong>et</strong></span> <span class='ocrx_word' id='word_1_82' title='bbox 1014 1647 1080 1722; x_wconf 80' lang='lat' dir='ltr'><strong>suit</strong></span> <span class='ocrx_word' id='word_1_83' title='bbox 1102 1649 1173 1723; x_wconf 87' lang='lat' dir='ltr'><strong>hoe</strong></span> <span class='ocrx_word' id='word_1_84' title='bbox 1190 1671 1331 1750; x_wconf 81' lang='lat' dir='ltr'><strong>semper</strong></span> 
     </span>
     <span class='ocr_line' id='line_1_12' title="bbox 325 1753 1334 1878; baseline 0.001 -30"><span class='ocrx_word' id='word_1_85' title='bbox 325 1775 546 1878; x_wconf 78' lang='lat' dir='ltr'><strong>facillimum,</strong></span> <span class='ocrx_word' id='word_1_86' title='bbox 570 1791 607 1852; x_wconf 89' lang='lat' dir='ltr'><strong>et</strong></span> <span class='ocrx_word' id='word_1_87' title='bbox 632 1803 732 1868; x_wconf 64' lang='lat' dir='ltr'><strong>vero</strong></span> <span class='ocrx_word' id='word_1_88' title='bbox 745 1803 820 1852; x_wconf 91' lang='lat' dir='ltr'><strong>esse</strong></span> <span class='ocrx_word' id='word_1_89' title='bbox 856 1769 979 1851; x_wconf 78' lang='lat' dir='ltr'><strong>debuit</strong></span> <span class='ocrx_word' id='word_1_90' title='bbox 998 1773 1045 1876; x_wconf 78' lang='lat'><strong>¹⁶3</strong></span> <span class='ocrx_word' id='word_1_91' title='bbox 1078 1753 1177 1850; x_wconf 73' lang='lat' dir='ltr'><strong>citius</strong></span> <span class='ocrx_word' id='word_1_92' title='bbox 1205 1789 1334 1849; x_wconf 89' lang='lat' dir='ltr'><strong>natura</strong></span> 
     </span>
     <span class='ocr_line' id='line_1_13' title="bbox 325 1887 1334 2003; baseline 0.004 -29"><span class='ocrx_word' id='word_1_93' title='bbox 325 1900 503 2003; x_wconf 77' lang='lat' dir='ltr'><strong>talisest,</strong></span> <span class='ocrx_word' id='word_1_94' title='bbox 527 1918 568 1976; x_wconf 92' lang='lat' dir='ltr'><strong>ut</strong></span> <span class='ocrx_word' id='word_1_95' title='bbox 592 1906 697 1978; x_wconf 92' lang='lat' dir='ltr'><strong>etiam</strong></span> <span class='ocrx_word' id='word_1_96' title='bbox 725 1907 800 1978; x_wconf 90' lang='lat' dir='ltr'><strong>siue</strong></span> <span class='ocrx_word' id='word_1_97' title='bbox 834 1904 995 1980; x_wconf 85' lang='lat' dir='ltr'><strong>doctrina</strong></span> <span class='ocrx_word' id='word_1_98' title='bbox 1025 1887 1187 1979; x_wconf 80' lang='lat' dir='ltr'><strong>¹videatur</strong></span> <span class='ocrx_word' id='word_1_99' title='bbox 1209 1904 1334 1980; x_wconf 88' lang='lat' dir='ltr'><strong>mode·</strong></span> 
     </span>
     <span class='ocr_line' id='line_1_14' title="bbox 324 2029 1333 2130; baseline 0.003 -29"><span class='ocrx_word' id='word_1_100' title='bbox 324 2041 402 2102; x_wconf 87' lang='lat' dir='ltr'><strong>rata</strong></span> <span class='ocrx_word' id='word_1_101' title='bbox 433 2055 509 2102; x_wconf 88' lang='lat' dir='ltr'><strong>esse</strong></span> <span class='ocrx_word' id='word_1_102' title='bbox 539 2032 713 2130; x_wconf 90' lang='lat' dir='ltr'><strong>potuisse:</strong></span> <span class='ocrx_word' id='word_1_103' title='bbox 749 2057 791 2104; x_wconf 89' lang='lat' dir='ltr'><strong>ea</strong></span> <span class='ocrx_word' id='word_1_104' title='bbox 825 2045 943 2106; x_wconf 90' lang='lat' dir='ltr'><strong>autem</strong></span> <span class='ocrx_word' id='word_1_105' title='bbox 978 2029 1138 2105; x_wconf 86' lang='lat' dir='ltr'><strong>adhibita</strong></span> <span class='ocrx_word' id='word_1_106' title='bbox 1168 2030 1333 2106; x_wconf 85' lang='lat' dir='ltr'><strong>doctrina</strong></span> 
     </span>
     <span class='ocr_line' id='line_1_15' title="bbox 325 2154 1332 2258; baseline -0.003 -31"><span class='ocrx_word' id='word_1_107' title='bbox 325 2168 396 2254; x_wconf 80' lang='lat' dir='ltr'><strong>est,</strong></span> <span class='ocrx_word' id='word_1_108' title='bbox 428 2181 518 2258; x_wconf 84' lang='lat' dir='ltr'><strong>quae</strong></span> <span class='ocrx_word' id='word_1_109' title='bbox 547 2154 605 2231; x_wconf 82' lang='lat' dir='ltr'><strong>vel</strong></span> <span class='ocrx_word' id='word_1_110' title='bbox 635 2157 899 2231; x_wconf 83' lang='lat' dir='ltr'><strong>vitiosissimam</strong></span> <span class='ocrx_word' id='word_1_111' title='bbox 928 2170 1092 2232; x_wconf 86' lang='lat' dir='ltr'><strong>naturam</strong></span> <span class='ocrx_word' id='word_1_112' title='bbox 1121 2157 1280 2231; x_wconf 78' lang='lat' dir='ltr'>excolere</span> <span class='ocrx_word' id='word_1_113' title='bbox 1300 2174 1332 2224; x_wconf 79' lang='lat'><strong>¹⁷</strong></span> 
     </span>
     <span class='ocr_line' id='line_1_16' title="bbox 324 2279 1333 2386; baseline 0.004 -34"><span class='ocrx_word' id='word_1_114' title='bbox 324 2282 446 2380; x_wconf 89' lang='lat' dir='ltr'><strong>possit.</strong></span> <span class='ocrx_word' id='word_1_115' title='bbox 472 2279 528 2354; x_wconf 89' lang='lat' dir='ltr'><strong>Tu</strong></span> <span class='ocrx_word' id='word_1_116' title='bbox 545 2307 654 2384; x_wconf 91' lang='lat' dir='ltr'><strong>quum</strong></span> <span class='ocrx_word' id='word_1_117' title='bbox 670 2285 858 2385; x_wconf 81' lang='lat' dir='ltr'><strong>pecuniae,</strong></span> <span class='ocrx_word' id='word_1_118' title='bbox 883 2309 995 2386; x_wconf 92' lang='lat' dir='ltr'><strong>quum</strong></span> <span class='ocrx_word' id='word_1_119' title='bbox 1011 2283 1203 2386; x_wconf 84' lang='lat' dir='ltr'><strong>voluptati,</strong></span> <span class='ocrx_word' id='word_1_120' title='bbox 1220 2307 1333 2385; x_wconf 90' lang='lat' dir='ltr'><strong>quum</strong></span> 
     </span>
     <span class='ocr_line' id='line_1_17' title="bbox 326 2405 1334 2514; baseline 0.004 -36"><span class='ocrx_word' id='word_1_121' title='bbox 326 2405 483 2480; x_wconf 90' lang='lat' dir='ltr'><strong>omnium</strong></span> <span class='ocrx_word' id='word_1_122' title='bbox 509 2432 626 2482; x_wconf 86' lang='lat' dir='ltr'><strong>rerum</strong></span> <span class='ocrx_word' id='word_1_123' title='bbox 651 2409 837 2512; x_wconf 84' lang='lat' dir='ltr'><strong>cupiditati</strong></span> <span class='ocrx_word' id='word_1_124' title='bbox 862 2408 1023 2514; x_wconf 76' lang='lat' dir='ltr'><strong>resistes,</strong></span> <span class='ocrx_word' id='word_1_125' title='bbox 1047 2424 1088 2484; x_wconf 87' lang='lat' dir='ltr'><strong>ut</strong></span> <span class='ocrx_word' id='word_1_126' title='bbox 1112 2408 1217 2483; x_wconf 85' lang='lat' dir='ltr'><strong>facis:</strong></span> <span class='ocrx_word' id='word_1_127' title='bbox 1243 2407 1334 2508; x_wconf 86' lang='lat' dir='ltr'><strong>erit,</strong></span> 
     </span>
     <span class='ocr_line' id='line_1_18' title="bbox 324 2529 1334 2641; baseline 0.003 -36"><span class='ocrx_word' id='word_1_128' title='bbox 324 2529 448 2634; x_wconf 83' lang='lat' dir='ltr'><strong>credo,</strong></span> <span class='ocrx_word' id='word_1_129' title='bbox 486 2529 697 2638; x_wconf 79' lang='lat' dir='ltr'><strong>periculum,</strong></span> <span class='ocrx_word' id='word_1_130' title='bbox 732 2561 778 2611; x_wconf 91' lang='lat' dir='ltr'><strong>ne</strong></span> <span class='ocrx_word' id='word_1_131' title='bbox 813 2536 1019 2641; x_wconf 90' lang='lat' dir='ltr'><strong>improbum</strong></span> <span class='ocrx_word' id='word_1_132' title='bbox 1052 2532 1334 2636; x_wconf 80' lang='lat' dir='ltr'><strong>negotiatorem,</strong></span> 
     </span>
     <span class='ocr_line' id='line_1_19' title="bbox 326 2657 1332 2764; baseline 0.002 -32"><span class='ocrx_word' id='word_1_133' title='bbox 326 2657 447 2758; x_wconf 85' lang='lat' dir='ltr'><strong>paullo</strong></span> <span class='ocrx_word' id='word_1_134' title='bbox 480 2660 698 2761; x_wconf 86' lang='lat' dir='ltr'><strong>cupidiorem</strong></span> <span class='ocrx_word' id='word_1_135' title='bbox 728 2663 959 2764; x_wconf 85' lang='lat' dir='ltr'><strong>publicanum</strong></span> <span class='ocrx_word' id='word_1_136' title='bbox 993 2664 1223 2763; x_wconf 84' lang='lat' dir='ltr'><strong>comprimere</strong></span> <span class='ocrx_word' id='word_1_137' title='bbox 1254 2681 1332 2734; x_wconf 88' lang='lat' dir='ltr'><strong>non</strong></span> 
     </span>
     <span class='ocr_line' id='line_1_20' title="bbox 322 2781 1332 2890; baseline 0.005 -34"><span class='ocrx_word' id='word_1_138' title='bbox 322 2781 448 2883; x_wconf 86' lang='lat' dir='ltr'><strong>possis.</strong></span> <span class='ocrx_word' id='word_1_139' title='bbox 473 2785 566 2860; x_wconf 88' lang='lat' dir='ltr'><strong>Nam</strong></span> <span class='ocrx_word' id='word_1_140' title='bbox 583 2789 709 2862; x_wconf 86' lang='lat' dir='ltr'><strong>Graeci</strong></span> <span class='ocrx_word' id='word_1_141' title='bbox 726 2788 869 2890; x_wconf 88' lang='lat' dir='ltr'><strong>quidem</strong></span> <span class='ocrx_word' id='word_1_142' title='bbox 886 2790 937 2864; x_wconf 87' lang='lat' dir='ltr'><strong>sic</strong></span> <span class='ocrx_word' id='word_1_143' title='bbox 963 2803 997 2862; x_wconf 90' lang='lat' dir='ltr'><strong>te</strong></span> <span class='ocrx_word' id='word_1_144' title='bbox 1014 2789 1063 2862; x_wconf 88' lang='lat' dir='ltr'><strong>ita</strong></span> <span class='ocrx_word' id='word_1_145' title='bbox 1080 2789 1260 2864; x_wconf 83' lang='lat' dir='ltr'><strong>viventem</strong></span> <span class='ocrx_word' id='word_1_146' title='bbox 1277 2788 1332 2861; x_wconf 83' lang='lat' dir='ltr'><strong>iu·</strong></span> 
     </span>
     <span class='ocr_line' id='line_1_21' title="bbox 322 2909 1328 3014; baseline 0.003 -32"><span class='ocrx_word' id='word_1_147' title='bbox 322 2909 532 3013; x_wconf 79' lang='lat' dir='ltr'><strong>tuebuntur,</strong></span> <span class='ocrx_word' id='word_1_148' title='bbox 548 2927 588 2986; x_wconf 92' lang='lat' dir='ltr'><strong>ut</strong></span> <span class='ocrx_word' id='word_1_149' title='bbox 604 2913 781 3014; x_wconf 87' lang='lat' dir='ltr'><strong>quendam</strong></span> <span class='ocrx_word' id='word_1_150' title='bbox 798 2940 841 2988; x_wconf 87' lang='lat' dir='ltr'><strong>ex</strong></span> <span class='ocrx_word' id='word_1_151' title='bbox 866 2914 1045 2988; x_wconf 87' lang='lat' dir='ltr'><strong>annalium</strong></span> <span class='ocrx_word' id='word_1_152' title='bbox 1059 2914 1248 3013; x_wconf 79' lang='lat' dir='ltr'><strong>memoria,</strong></span> <span class='ocrx_word' id='word_1_153' title='bbox 1265 2927 1328 2986; x_wconf 87' lang='lat' dir='ltr'><strong>aut</strong></span> 
     </span>
     <span class='ocr_line' id='line_1_22' title="bbox 324 3033 1329 3140; baseline 0.007 -35"><span class='ocrx_word' id='word_1_154' title='bbox 324 3033 433 3107; x_wconf 86' lang='lat' dir='ltr'><strong>etiam</strong></span> <span class='ocrx_word' id='word_1_155' title='bbox 459 3035 504 3109; x_wconf 91' lang='lat' dir='ltr'><strong>de</strong></span> <span class='ocrx_word' id='word_1_156' title='bbox 530 3038 627 3113; x_wconf 90' lang='lat' dir='ltr'><strong>caelo</strong></span> <span class='ocrx_word' id='word_1_157' title='bbox 653 3039 813 3114; x_wconf 80' lang='lat' dir='ltr'><strong>divinum</strong></span> <span class='ocrx_word' id='word_1_158' title='bbox 837 3039 1017 3114; x_wconf 88' lang='lat' dir='ltr'><strong>hominem</strong></span> <span class='ocrx_word' id='word_1_159' title='bbox 1033 3063 1108 3113; x_wconf 90' lang='lat' dir='ltr'><strong>esse</strong></span> <span class='ocrx_word' id='word_1_160' title='bbox 1127 3041 1165 3112; x_wconf 92' lang='lat' dir='ltr'><strong>in</strong></span> <span class='ocrx_word' id='word_1_161' title='bbox 1181 3039 1329 3140; x_wconf 89' lang='lat' dir='ltr'><strong>provin·</strong></span> 
     </span>
     <span class='ocr_line' id='line_1_23' title="bbox 323 3157 1329 3268; baseline 0.007 -38"><span class='ocrx_word' id='word_1_162' title='bbox 323 3157 417 3231; x_wconf 87' lang='lat' dir='ltr'><strong>ciam</strong></span> <span class='ocrx_word' id='word_1_163' title='bbox 443 3160 625 3262; x_wconf 87' lang='lat' dir='ltr'><strong>delapsum</strong></span> <span class='ocrx_word' id='word_1_164' title='bbox 649 3179 785 3267; x_wconf 91' lang='lat' dir='ltr'><strong>putent.</strong></span> <span class='ocrx_word' id='word_1_165' title='bbox 810 3166 926 3268; x_wconf 88' lang='lat' dir='ltr'><strong>Atque</strong></span> <span class='ocrx_word' id='word_1_166' title='bbox 941 3166 1030 3239; x_wconf 86' lang='lat' dir='ltr'><strong>haee</strong></span> <span class='ocrx_word' id='word_1_167' title='bbox 1046 3187 1159 3264; x_wconf 83' lang='lat' dir='ltr'><strong>nunc,</strong></span> <span class='ocrx_word' id='word_1_168' title='bbox 1184 3191 1259 3238; x_wconf 91' lang='lat' dir='ltr'><strong>non</strong></span> <span class='ocrx_word' id='word_1_169' title='bbox 1289 3177 1329 3237; x_wconf 87' lang='lat' dir='ltr'><strong>ut</strong></span> 
     </span>
     <span class='ocr_line' id='line_1_24' title="bbox 320 3281 1326 3392; baseline 0.005 -37"><span class='ocrx_word' id='word_1_170' title='bbox 320 3281 447 3372; x_wconf 85' lang='lat' dir='ltr'><strong>facias,</strong></span> <span class='ocrx_word' id='word_1_171' title='bbox 472 3289 535 3364; x_wconf 90' lang='lat' dir='ltr'><strong>sed</strong></span> <span class='ocrx_word' id='word_1_172' title='bbox 559 3301 600 3364; x_wconf 90' lang='lat' dir='ltr'><strong>ut</strong></span> <span class='ocrx_word' id='word_1_173' title='bbox 616 3305 651 3364; x_wconf 87' lang='lat' dir='ltr'><strong>te</strong></span> <span class='ocrx_word' id='word_1_174' title='bbox 667 3288 780 3366; x_wconf 80' lang='lat' dir='ltr'><strong>facere</strong></span> <span class='ocrx_word' id='word_1_175' title='bbox 805 3307 841 3366; x_wconf 86' lang='lat' dir='ltr'><strong>et</strong></span> <span class='ocrx_word' id='word_1_176' title='bbox 869 3287 990 3366; x_wconf 82' lang='lat' dir='ltr'><strong>secisse</strong></span> <span class='ocrx_word' id='word_1_177' title='bbox 1009 3291 1175 3392; x_wconf 75' lang='lat' dir='ltr'><strong>gaudeas,</strong></span> <span class='ocrx_word' id='word_1_178' title='bbox 1200 3289 1326 3364; x_wconf 85' lang='lat' dir='ltr'><strong>scribo.</strong></span> 
     </span>
     <span class='ocr_line' id='line_1_25' title="bbox 320 3408 1327 3520; baseline 0.005 -38"><span class='ocrx_word' id='word_1_179' title='bbox 320 3408 544 3489; x_wconf 86' lang='lat' dir='ltr'><strong>Praeclarum</strong></span> <span class='ocrx_word' id='word_1_180' title='bbox 569 3430 623 3490; x_wconf 89' lang='lat' dir='ltr'><strong>est</strong></span> <span class='ocrx_word' id='word_1_181' title='bbox 646 3419 758 3518; x_wconf 79' lang='lat' dir='ltr'><strong>enim,</strong></span> <span class='ocrx_word' id='word_1_182' title='bbox 783 3443 923 3493; x_wconf 87' lang='lat' dir='ltr'><strong>summo</strong></span> <span class='ocrx_word' id='word_1_183' title='bbox 950 3445 1032 3492; x_wconf 90' lang='lat' dir='ltr'><strong>eum</strong></span> <span class='ocrx_word' id='word_1_184' title='bbox 1054 3418 1205 3520; x_wconf 89' lang='lat' dir='ltr'><strong>imperio</strong></span> <span class='ocrx_word' id='word_1_185' title='bbox 1222 3417 1327 3489; x_wconf 83' lang='lat' dir='ltr'><strong>fuisse</strong></span> 
     </span>
     <span class='ocr_line' id='line_1_26' title="bbox 319 3533 1326 3644; baseline 0.008 -38"><span class='ocrx_word' id='word_1_186' title='bbox 319 3533 358 3606; x_wconf 91' lang='lat' dir='ltr'><strong>in</strong></span> <span class='ocrx_word' id='word_1_187' title='bbox 382 3537 465 3611; x_wconf 80' lang='lat' dir='ltr'><strong>Asia</strong></span> <span class='ocrx_word' id='word_1_188' title='bbox 491 3541 678 3617; x_wconf 82' lang='lat' dir='ltr'><strong>triennium</strong></span> <span class='ocrx_word' id='word_1_189' title='bbox 702 3547 753 3618; x_wconf 93' lang='lat' dir='ltr'><strong>sic</strong></span> <span class='ocrx_word' id='word_1_190' title='bbox 763 3600 774 3644; x_wconf 68' lang='lat'>7</span> <span class='ocrx_word' id='word_1_191' title='bbox 790 3558 831 3617; x_wconf 91' lang='lat' dir='ltr'><strong>ut</strong></span> <span class='ocrx_word' id='word_1_192' title='bbox 845 3544 982 3617; x_wconf 91' lang='lat' dir='ltr'><strong>nullum</strong></span> <span class='ocrx_word' id='word_1_193' title='bbox 1001 3558 1037 3618; x_wconf 87' lang='lat' dir='ltr'><strong>te</strong></span> <span class='ocrx_word' id='word_1_194' title='bbox 1054 3544 1211 3643; x_wconf 76' lang='lat' dir='ltr'><strong>siguum,</strong></span> <span class='ocrx_word' id='word_1_195' title='bbox 1231 3541 1326 3614; x_wconf 79' lang='lat' dir='ltr'><strong>nulla</strong></span> 
     </span>
     <span class='ocr_line' id='line_1_27' title="bbox 319 3661 1327 3771; baseline 0.007 -38"><span class='ocrx_word' id='word_1_196' title='bbox 319 3661 474 3765; x_wconf 82' lang='lat' dir='ltr'><strong>pictura⁷</strong></span> <span class='ocrx_word' id='word_1_197' title='bbox 498 3668 632 3742; x_wconf 91' lang='lat' dir='ltr'><strong>nullum</strong></span> <span class='ocrx_word' id='word_1_198' title='bbox 658 3697 735 3771; x_wconf 84' lang='lat' dir='ltr'><strong>vas,</strong></span> <span class='ocrx_word' id='word_1_199' title='bbox 759 3669 855 3745; x_wconf 92' lang='lat' dir='ltr'><strong>nulla</strong></span> <span class='ocrx_word' id='word_1_200' title='bbox 881 3671 988 3745; x_wconf 84' lang='lat' dir='ltr'><strong>restis</strong></span> <span class='ocrx_word' id='word_1_201' title='bbox 1008 3671 1049 3770; x_wconf 79' lang='lat'><strong>¹⁸,</strong></span> <span class='ocrx_word' id='word_1_202' title='bbox 1074 3669 1211 3744; x_wconf 89' lang='lat' dir='ltr'><strong>nullum</strong></span> <span class='ocrx_word' id='word_1_203' title='bbox 1229 3693 1327 3741; x_wconf 84' lang='lat' dir='ltr'><strong>man·</strong></span> 
     </span>
     <span class='ocr_line' id='line_1_28' title="bbox 319 3787 1321 3900; baseline 0.005 -39"><span class='ocrx_word' id='word_1_204' title='bbox 319 3787 470 3898; x_wconf 75' lang='lat' dir='ltr'><strong>cipiurn,</strong></span> <span class='ocrx_word' id='word_1_205' title='bbox 502 3793 597 3869; x_wconf 85' lang='lat' dir='ltr'><strong>nulla</strong></span> <span class='ocrx_word' id='word_1_206' title='bbox 628 3795 741 3874; x_wconf 85' lang='lat' dir='ltr'><strong>forma</strong></span> <span class='ocrx_word' id='word_1_207' title='bbox 774 3799 997 3900; x_wconf 79' lang='lat' dir='ltr'><strong>cuiusquam,</strong></span> <span class='ocrx_word' id='word_1_208' title='bbox 1028 3796 1126 3872; x_wconf 87' lang='lat' dir='ltr'><strong>nulla</strong></span> <span class='ocrx_word' id='word_1_209' title='bbox 1162 3793 1321 3869; x_wconf 90' lang='lat' dir='ltr'><strong>conditio</strong></span> 
     </span>
     <span class='ocr_line' id='line_1_29' title="bbox 318 3918 1324 4026; baseline 0.006 -40"><span class='ocrx_word' id='word_1_210' title='bbox 318 3918 488 4011; x_wconf 85' lang='lat' dir='ltr'><strong>pecuniae</strong></span> <span class='ocrx_word' id='word_1_211' title='bbox 516 3922 660 4023; x_wconf 86' lang='lat' dir='ltr'><strong>(quibus</strong></span> <span class='ocrx_word' id='word_1_212' title='bbox 694 3924 797 4000; x_wconf 85' lang='lat' dir='ltr'><strong>rebus</strong></span> <span class='ocrx_word' id='word_1_213' title='bbox 828 3923 986 4002; x_wconf 87' lang='lat' dir='ltr'><strong>abundat</strong></span> <span class='ocrx_word' id='word_1_214' title='bbox 1017 3925 1085 4000; x_wconf 88' lang='lat' dir='ltr'><strong>ista</strong></span> <span class='ocrx_word' id='word_1_215' title='bbox 1119 3920 1324 4026; x_wconf 30' lang='lat' dir='ltr'><strong>provincia.)¹</strong></span> 
     </span>
    </p>
   </div>
   <div class='ocr_carea' id='block_1_3' title="bbox 0 0 1448 5000">
    <p class='ocr_par' dir='ltr' id='par_1_3' title="bbox 0 0 1448 5000">
     <span class='ocr_line' id='line_1_30' title="bbox 0 0 1448 5000; baseline 0 2"><span class='ocrx_word' id='word_1_216' title='bbox 0 0 1448 5000; x_wconf 95' lang='lat' dir='ltr'><strong> </strong></span> 
     </span>
    </p>
   </div>
  </div>
 </body>
</html>
