2882 5002
401 219 413 248 6

309 391 374 464 152
656 407 828 460 nrisrota
852 410 946 459 xxvi.
1082 405 1160 457 nv.
1179 409 1207 455 c.
1223 409 1271 471 ⁶9³

351 516 377 590 6
402 489 508 606 Quod
524 537 581 584 me
598 512 754 613 quodam
770 511 893 610 modo,
917 507 1013 583 molli
1030 508 1174 582 brachio
1192 512 1234 609 ²⁸,
1251 511 1295 583 de

302 639 467 742 Pompeii
485 637 716 712 familiaritate
733 636 909 735 obiurgas:
925 633 1034 709 nolim
1046 637 1095 708 ita
1108 636 1299 735 existimes,

302 790 359 838 me
383 766 452 836 mei
477 762 641 863 praesidii
662 789 864 836 causacum
880 761 940 835 illo
959 761 1187 834 coniunctum
1203 785 1295 857 esse,

302 889 366 963 sed
389 891 437 962 ita
462 915 517 962 res
542 902 616 962 erat
639 889 815 986 instituta,
841 902 898 987 ut,
925 888 953 960 si
986 887 1076 959 inter
1106 911 1172 958 nos
1205 902 1297 958 esset

302 1014 417 1115 aliqua
441 1014 529 1087 forte
556 1013 745 1100 dissensio,
770 1015 942 1090 maximas,
962 1014 1000 1085 in
1023 1038 1061 1085 re
1086 1010 1226 1112 publica
1244 1011 1296 1084 di-

302 1139 457 1213 scordias
475 1139 605 1212 versari
622 1152 713 1212 esset
728 1164 880 1214 necesse.
897 1138 1005 1231 Quod
1022 1164 1042 1210 a
1058 1163 1115 1210 me
1131 1138 1180 1209 ita
1196 1162 1297 1236 prae-

303 1279 460 1363 cautum,
485 1278 590 1366 atque
613 1265 662 1336 ita
678 1267 861 1364 provisum
871 1281 904 1330 ³9
930 1278 1000 1363 est,
1024 1290 1096 1336 non
1113 1276 1154 1335 ut
1169 1289 1234 1362 ego
1252 1262 1319 1335 de·

258 1376 262 1382 ³
302 1391 437 1488 optima
461 1388 519 1461 illa
544 1416 621 1463 mea
653 1390 787 1464 ratione
821 1389 1043 1489 decederem,
1074 1388 1137 1462 sed
1168 1402 1207 1461 ut
1238 1386 1298 1460 ille

303 1528 395 1586 esset
418 1513 558 1614 melior,
583 1528 619 1587 et
644 1514 775 1617 aliquid
800 1516 845 1589 de
870 1513 1031 1618 populari
1062 1513 1202 1590 levitate
1236 1512 1298 1585 de-
1381 1545 1383 1550 ·

301 1653 465 1739 poneret:
491 1666 594 1740 quem
617 1640 662 1712 de
686 1641 770 1713 meis
788 1639 910 1738 rebus,
934 1640 971 1712 in
988 1665 1073 1742 quas
1090 1665 1171 1713 eum
1193 1638 1299 1712 multi

301 1764 506 1863 incitarant,
529 1764 641 1838 multo
670 1766 758 1841 scito
792 1765 993 1864 gloriosius,
1026 1764 1200 1869 quam-de
1229 1765 1299 1836 suis

301 1888 512 1988 praedicare.
538 1889 611 1962 Sibi
636 1892 729 1962 enim
752 1889 842 1964 bene
876 1904 1008 1989 gestae,
1040 1889 1125 1962 mihi
1158 1915 1299 1962 conser-

301 2027 403 2088 vatae
428 2015 663 2116 reipublicae
695 2015 757 2089 dat
789 2017 1035 2091 testimouium.
1072 2017 1150 2089 Hoc
1183 2015 1298 2088 lacere

301 2139 399 2212 illum
423 2141 508 2214 mihi
532 2169 637 2243 quam
654 2143 783 2242 prosit,
799 2143 936 2241 nescis,
960 2145 1009 2216 rei
1025 2141 1186 2243 publicae
1203 2156 1300 2214 certe

302 2265 455 2365 prodest
492 2267 609 2360 Quidl
642 2270 670 2342 si
701 2270 809 2342 etiam
843 2271 1042 2367 Caesarem,
1075 2269 1170 2340 cuius
1202 2293 1300 2339 nunc

303 2390 402 2464 venti
418 2390 520 2464 valde
546 2405 628 2466 sunt
656 2393 821 2494 secundi,
848 2393 959 2468 reddo
987 2393 1185 2492 meliorem,
1213 2417 1301 2464 num

300 2528 418 2591 tamen
431 2515 461 2567 ³⁰
486 2515 612 2591 obsum
627 2523 677 2593 rei
693 2519 881 2621 publicael
907 2521 1003 2626 Qpiu
1020 2521 1141 2619 etiam,
1166 2519 1196 2591 si
1212 2517 1300 2589 mihi

299 2667 403 2716 nemo
428 2643 616 2745 invideret,
641 2648 670 2720 si
695 2672 837 2745 omnes,
864 2660 905 2719 ut
923 2660 998 2719 erat
1023 2671 1188 2746 aequum,
1205 2644 1300 2716 fave·

299 2777 393 2867 rent,
420 2783 625 2845 tamennon
649 2773 764 2846 minus
791 2769 883 2846 ess'et
906 2771 1090 2873 probanda
1110 2770 1300 2868 medicina,

299 2919 388 2994 quae
412 2911 550 2969 sanaret
574 2899 717 2972 vitiosas
757 2913 876 2999 partes
901 2900 951 2972 rei
975 2897 1161 2998 publicae,
1195 2923 1299 2997 quam

299 3041 388 3116 quae
413 3035 596 3094 exsecaret.
617 3024 719 3097 Nunc
736 3048 837 3124 vero,
866 3051 973 3128 quum
991 3024 1163 3125 equitatus
1176 3023 1205 3072 ³¹
1225 3021 1299 3120 ifle,

299 3165 403 3242 quem
421 3170 484 3242 ego
501 3147 538 3219 in
555 3147 646 3222 clivo
664 3149 888 3249 Capitolino,
914 3163 948 3222 te
965 3149 1125 3246 signifero
1144 3175 1185 3220 ac
1202 3149 1298 3248 prin-

299 3265 392 3366 cipe,
419 3269 640 3372 colloca'ram,
666 3287 826 3347 senatum
855 3274 1063 3371 deseruerit,
1094 3273 1205 3345 nostri
1241 3300 1299 3344 au—

297 3406 369 3465 tem
395 3395 568 3498 principes
595 3395 705 3497 digito
731 3427 770 3472 se
797 3400 932 3473 caelum
957 3413 1082 3499 putent
1114 3399 1299 3496 attingere,

296 3517 327 3588 si
351 3517 448 3591 mulli
472 3519 608 3595 barbati
630 3525 668 3595 in
699 3525 844 3624 piscinis
873 3526 960 3622 sint,
987 3524 1046 3624 qui
1079 3523 1124 3596 ad
1156 3547 1300 3595 manum

296 3643 465 3718 accedant
476 3649 524 3746 ³²3
550 3648 615 3720 alia
640 3663 760 3721 autem
776 3648 975 3748 negligant:
1000 3674 1117 3724 nonne
1136 3647 1199 3720 tibi
1218 3647 1301 3720 satis

294 3769 461 3868 prodesse
495 3773 632 3874 videor,
657 3777 686 3848 si
710 3776 876 3875 perficio,
907 3790 946 3847 ut
971 3774 1084 3847 nolint
1116 3774 1238 3846 obesse
1255 3773 1302 3860 ³³,

295 3895 354 3993 qui
370 3899 538 3996 possunt?
563 3900 653 3974 Nam
679 3902 850 3977 Catonem
872 3914 1037 3976 nostrum
1054 3925 1127 3974 non
1144 3913 1182 3972 tu
1200 3921 1297 3970 amas
