2886 5000
293 375 363 470 254
648 395 818 446 nrrsroca
843 398 927 446 xnn.
1071 395 1148 448 nv.
1167 401 1195 445 c.
1212 393 1265 460 ⁶94

378 626 430 678 Sur.
450 626 476 678 in
494 625 632 678 Formiano
651 624 681 677 A.
698 623 731 676 V.
749 622 778 676 C.
799 621 928 677 DCXClV
946 621 1010 676 intio
1029 635 1108 676 mena.
1127 621 1197 676 Maii.

600 813 745 896 menno
769 811 920 878 ATTICO
945 811 975 878 S.

271 985 276 995 ’
344 1031 356 1076 ι
387 1003 522 1076 Cenato
546 1001 650 1100 mihi,
675 1013 712 1076 et
735 1000 806 1077 iam
832 997 1055 1102 dormitanti,
1086 999 1176 1102 prid
1210 1001 1290 1076 Kal.

289 1119 399 1221 Maias
423 1127 573 1229 epistola
604 1125 741 1203 catilla
774 1124 930 1226 reddita,
954 1127 992 1200 in
1025 1151 1095 1228 qua
1126 1125 1171 1200 de
1205 1153 1290 1228 agro

289 1257 471 1355 Campano
497 1253 627 1328 scribis.
647 1252 751 1346 Quid
775 1251 933 1356 maesia?
966 1253 1119 1353 primum
1140 1253 1202 1354 'ita
1231 1280 1290 1330 me

288 1381 440 1482 pupugit
458 1397 483 1484 ¹,
506 1394 548 1453 ut
572 1403 736 1456 somnum
759 1378 849 1454 mihi
872 1377 1060 1479 ademerit,
1085 1378 1149 1452 sed
1171 1378 1212 1452 id
1232 1405 1291 1454 oo-

290 1506 457 1604 gitatione
481 1507 607 1606 magis,
633 1531 738 1608 quam
762 1503 931 1579 molestia.
960 1504 1139 1604 Cogitanti
1170 1519 1288 1580 autem

252 1657 259 1684 ‘
288 1631 376 1707 haec
400 1631 471 1707 lere
495 1631 753 1722 succurrebant.
778 1631 937 1706 Primum
959 1655 1002 1704 ex
1030 1653 1091 1732 ec,
1116 1631 1213 1732 quod
1230 1659 1288 1704 su-

288 1757 482 1858 perioribus
506 1751 615 1832 literis
641 1755 845 1860 scripseras,
869 1783 912 1830 ex
936 1753 1096 1830 familiari
1112 1770 1148 1829 te
1166 1755 1286 1830 illius²

287 1871 442 1982 audisse,
466 1883 644 1984 prolatum
669 1885 711 1958 iri
736 1881 885 1985 aliquid,
910 1879 1007 1984 quod
1023 1871 1127 1956 nemo
1154 1883 1288 1983 impro-

287 2006 388 2080 haret
394 2035 405 2108 5
423 2010 534 2082 maius
552 2009 685 2110 aliquid
701 2011 902 2108 timueram,
927 2006 997 2084 hoc
1013 2007 1099 2083 mihi
1116 2008 1288 2083 eiusmodi

288 2159 361 2206 non
375 2134 569 2209 videbatur.
579 2135 737 2235 Deinde,
753 2149 794 2208 ut
805 2161 863 2208 me
879 2135 973 2234 ego³
990 2133 1160 2232 consoler,
1172 2135 1286 2223 omnis

288 2242 504 2360 exspectatio
527 2261 721 2362 largitionis
747 2262 899 2360 agrariae
923 2261 960 2332 in
987 2285 1107 2358 agrum
1135 2261 1285 2360 Campa-

286 2409 373 2458 num
399 2385 537 2462 videtur
563 2413 638 2482 essa¹
664 2385 835 2460 derivata:
863 2387 921 2488 qui
947 2411 1042 2484 ager,
1068 2398 1108 2459 ut
1125 2384 1216 2459 dena
1232 2387 1285 2458 iu·

285 2535 368 2608 gera
393 2512 480 2613 sint,
504 2539 576 2587 non
603 2511 751 2614 amplius
784 2511 967 2584 hominum
999 2512 1151 2612 quinque
1177 2511 1284 2584 millia

286 2652 406 2737 potest
429 2641 606 2716 sustinere.
633 2640 778 2743 Reliqua
803 2638 917 2716 omnis
940 2635 1129 2742 multitudo
1155 2636 1284 2714 abillis

226 2792 238 2810 ¹
286 2763 518 2866 abalienetur,
542 2793 683 2842 necesse
700 2781 761 2842 est.
789 2769 988 2865 Praeterea,
1013 2765 1042 2838 si
1058 2762 1128 2836 ulla
1144 2789 1201 2838 res
1219 2777 1288 2860 est,

287 2915 377 2992 quae
401 2891 576 2966 bonorum
601 2895 757 2992 animos,
779 2917 867 2994 qnos
885 2892 955 2966 iam
972 2888 1076 2963 video
1094 2915 1169 2962 esse
1187 2915 1283 2962 corn·

286 3027 421 3115 motos,
447 3017 686 3120 vehementius
712 3018 824 3120 possit
848 3014 1048 3114 incendere,
1072 3013 1160 3087 haec
1190 3028 1283 3087 certe

287 3151 357 3236 est,
384 3155 420 3212 et
443 3168 486 3215 eo
511 3145 638 3245 magis,
663 3144 759 3247 quod
775 3142 941 3244 portoriis
957 3139 1079 3214 Italiae
1097 3139 1244 3213 sublatis
1255 3139 1280 3238 4,

287 3287 370 3362 agro
395 3265 578 3368 Campano
603 3271 732 3370 diviso,
758 3268 854 3370 quod
879 3265 1028 3365 vectigal
1045 3278 1205 3366 superest
1223 3265 1281 3338 do-

286 3389 488 3493 mesticum,
511 3409 650 3494 praeter
669 3392 917 3470 vicesimaml⁵
935 3391 1126 3494 quaemihi
1144 3391 1281 3466 videtur

190 3522 195 3531 '
287 3539 357 3587 una
382 3518 628 3620 conciuncula,
653 3520 804 3594 clamore
829 3517 1117 3619 pedissequorum
1143 3531 1280 3590 nostro-

287 3665 384 3740 rum,
417 3668 491 3715 esse
523 3647 684 3746 peritura.
718 3647 855 3720 Cnaeus
888 3643 1029 3746 quidem
1062 3657 1180 3716 noster
1213 3644 1279 3715 iam

285 3763 389 3864 plane
415 3770 500 3870 quid
526 3773 671 3871 cogitet,
697 3772 825 3843 nescio.

397 3931 398 3934 ¹
433 3909 515 3986 φυσᾷ
541 3902 598 3994 γὰρ
625 3901 660 3968 ou’
685 3901 855 3993 σμικροῖσιν
880 3895 1032 3972 αὐλίσκοις
1060 3900 1123 3986 ἔτι,

432 4018 515 4091 ’Ara’
538 4027 656 4122 ἀγρίαις
681 4028 808 4108 calcator
833 4021 978 4117 φορβείας
1004 4028 1096 4118 drap:

1433 483 1437 604 l

1433 691 1437 800 l
