2886 5000
311 407 383 461 aro
662 397 834 450 srrsrorn
857 401 951 450 xxrx.
1083 395 1114 446 Δ.
1133 399 1167 448 v.
1186 398 1214 444 c.
1233 357 1284 456 sse

309 506 373 580 sed
398 505 443 578 de
467 515 567 604 parto
593 501 767 576 dimicare.
793 502 894 593 Quae
911 499 1060 603 quidem¹
1072 525 1145 574 uon
1162 514 1238 582 tam
1255 526 1330 577 ex-.

309 629 462 735 peteuda
487 627 589 700 nobis
614 627 696 726 suit,
721 653 827 729 quam
853 625 985 700 tuenda
1011 640 1073 700 est
1099 627 1152 700 Ac
1178 627 1208 700 si
1224 627 1313 699 milri

310 757 497 858 quicquam
521 765 613 827 esset
637 752 700 826 abs
729 767 764 826 te
789 766 1006 854 separatum,
1038 751 1125 824 nihil
1160 751 1311 853 amplius

226 969 229 974 ³
310 879 543 954 desiderarem
566 877 636 952 hoc
661 890 772 977 statu,
797 879 856 978 qui
880 877 967 950 mihi
993 877 1064 950 iam
1091 891 1214 978 partus
1248 891 1312 950 est.

307 1004 412 1080 Nunc
437 1029 521 1078 vero
545 1030 600 1076 res
626 1005 676 1076 sic
701 1029 776 1076 sese
798 1002 923 1102 habet,
947 1015 1004 1103 ut,
1029 1004 1095 1076 nisi
1113 1004 1232 1076 omnia
1250 1017 1313 1080 tua

307 1129 401 1204 lacta
426 1143 531 1232 atque
556 1129 650 1202 dicta
668 1111 796 1202 nostris
813 1103 917 1202 rebus
935 1129 1041 1202 istinc
1058 1128 1315 1231 respondeant,

309 1281 375 1354 ego
399 1279 457 1328 me
481 1256 567 1328 meis
592 1255 700 1328 tantis
716 1253 911 1354 laboribus,
937 1255 1114 1356 tantisque
1131 1253 1314 1356 periculis,

310 1407 459 1483 quorum
494 1395 533 1453 tu
566 1381 723 1454 omnium
755 1381 933 1480 particeps
966 1379 1079 1480 fuisti,
1109 1379 1198 1454 nihil
1231 1406 1315 1454 oon·

306 1519 468 1579 secutum
491 1519 623 1606 putem.
648 1505 757 1598 Quod
780 1507 826 1605 si,
852 1520 892 1578 ut
909 1481 1164 1606 amplissimum
1181 1531 1313 1578 nomen

309 1656 621 1736 consequeremur,
652 1657 742 1705 unus
774 1646 914 1733 praeter
954 1646 1090 1706 ceteros
1123 1632 1314 1706 adiuvisti:

310 1771 404 1832 certo
430 1757 542 1860 idem,
566 1772 607 1832 ut
624 1757 662 1831 id
678 1759 905 1857 retineamus,
931 1771 1070 1858 praeter
1087 1767 1224 1832 ceteros
1242 1757 1315 1836 ela-

308 1880 458 1958 borahis.
483 1883 566 1958 Non
591 1897 644 1962 est
668 1883 733 1962 tibi
757 1884 813 1962 his
837 1883 922 1958 solis
948 1883 1119 1966 utendum
1138 1861 1316 1958 'existima-

309 2007 463 2084 tionibus
488 2035 530 2082 ac
547 2009 701 2109 iudiciis,
727 2011 787 2112 qui
805 2035 899 2083 nunc
916 2025 1014 2110 sunt,
1031 2011 1234 2109 hominum,
1250 2009 1319 2109 sed
1329 2021 1337 2029 “

307 2133 350 2205 iis
373 2133 480 2206 etiam
496 2135 556 2235 qui
572 2134 678 2208 futuri
695 2149 777 2208 sunt
793 2137 839 2208 8³:
857 2161 1071 2237 quamquam
1090 2135 1231 2210 illorum
1248 2137 1316 2212 erit

308 2259 424 2332 verius
447 2259 632 2360 iudicium,
657 2259 914 2335 obtrectatione
942 2277 979 2335 et
1003 2260 1243 2336 malivolentia
1276 2259 1317 2333 li-

259 2417 261 2423 s
308 2383 478 2458 beratum.
502 2386 663 2490 Denique
688 2386 777 2459 illud
801 2389 908 2462 etiarn
925 2387 1033 2462 debes
1051 2389 1224 2488 cogitare,
1240 2413 1316 2460 non

309 2521 344 2582 te
370 2509 435 2584 tibi
459 2509 525 2584 soli
550 2509 694 2609 gloriam
720 2539 883 2617 quaerere
897 2509 910 2587 :¹
931 2513 1028 2616 quod.
1061 2515 1093 2588 si'
1116 2527 1228 2613 esset,
1265 2527 1318 2586 ta·

309 2661 393 2709 men
417 2661 492 2710 non
520 2637 732 2738 negligeres,
763 2642 969 2746 praesertim
1002 2667 1111 2742 quum
1143 2637 1316 2740 amplissi-

309 2763 375 2834 mis
400 2765 637 2838 monumentis
665 2790 870 2838 oonseerare
903 2765 1072 2840 voluisses
1107 2766 1317 2844 memoriam

310 2888 461 2960 nominis
486 2890 558 2987 tui;
582 2889 646 2966 sed
670 2915 711 2962 ea
736 2889 801 2962 tibi
830 2905 884 2965 est
916 2890 1211 2972 communicanda
1245 2916 1320 2962 mes

311 3036 409 3109 cum,
433 3012 615 3112 prodenda
640 3015 757 3088 liberis
782 3002 920 3091 nostris.
947 3020 990 3090 In
1017 3044 1087 3118 quo
1114 3016 1319 3092 cavendum

310 3150 364 3208 est
380 3135 423 3237 ⁸4,
447 3163 507 3237 ne,
532 3140 561 3211 si
585 3140 815 3240 negligentior
846 3143 969 3243 fueris,
1001 3169 1074 3216 uon
1100 3142 1216 3217 solum
1249 3142 1317 3216 tibi

308 3286 435 3362 parum
468 3263 704 3365 consuluisse,
728 3268 792 3340 sed
823 3270 929 3342 etiarn
962 3271 1030 3344 tuis
1062 3269 1231 3344 invidisse
1264 3269 1320 3343 vi·

204 3437 210 3454 .
311 3385 432 3461 deeris.

358 3513 456 3586 XVI.
484 3515 599 3617 Atque
624 3515 710 3590 haec
727 3543 802 3591 non
819 3543 861 3594 eo
880 3518 1059 3620 dicuntur,
1084 3534 1124 3593 ut
1142 3535 1176 3593 te
1195 3523 1317 3594 oratio

309 3637 644 3715 measdonnientem
670 3645 855 3744 excitasse,
880 3645 943 3718 sed
967 3647 1086 3747 potius
1102 3661 1152 3719 ,ut
1171 3673 1320 3719 curren·

262 3825 264 3840 .
308 3777 381 3836 torn
397 3766 559 3841 incitasse
578 3759 751 3844 videatur(
762 3773 883 3846 Facies
901 3775 993 3844 enim
1010 3786 1199 3874 perpetuo,
1222 3800 1319 3874 quae

309 3889 435 3994 fecisti,
452 3909 492 3971 ut
509 3921 630 3972 omnes
648 3899 858 4002 aequitatem
878 3911 989 4000 tuam,
1016 3900 1318 4004 temperantiam,
