2882 5002
324 394 392 476 116
668 417 838 470 rrrsroul
863 420 964 468 xxm.
1095 416 1177 470 nv.
1195 421 1224 468 c.
1241 419 1290 482 ⁰9³

357 525 497 586 rennium
517 532 554 584 tr.
568 509 625 605 pl,
637 533 672 582 ut
691 521 814 582 Clodius
826 524 857 582 in
870 520 1015 580 familiam
1029 517 1179 602 plebeiam
1193 520 1321 604 adopte-

357 641 423 702 tur,
433 629 587 704 laborare3
602 652 618 710 7
633 629 787 690 Metellum
803 649 866 690 esse
879 629 1033 708 egregium
1048 627 1216 699 consulem,
1230 629 1320 688 Afra·

357 739 442 796 nium
454 757 527 796 vero
552 737 711 815 ignavum3
731 733 752 796 8
770 736 930 814 ,agrariam
950 731 1048 814 legem
1069 733 1206 792 aFlavio
1227 732 1322 809 ferri3

356 843 476 903 interim
493 844 643 901 neminem
663 840 724 900 fere
744 841 787 899 rei
807 838 892 921 publ.
906 838 1073 898 studiosum
1087 849 1208 920 praeter
1223 838 1317 898 Cato-

355 967 434 1008 nem.
447 946 468 1008 6
486 947 584 1028 Ergo,
595 955 631 1006 ut
643 947 758 1008 ltucus
769 964 841 1006 mox
854 943 969 1016 redeat,
983 945 1094 1005 iterum
1108 946 1194 1004 enixe
1215 954 1317 1026 rogat.

575 1151 629 1204 Ser.
646 1150 742 1202 Romae
760 1150 793 1201 Δ.
810 1147 843 1200 V.
858 1147 887 1202 C.
901 1147 1046 1216 vexent

544 1244 578 1314 Q.
596 1243 702 1296 Metello
720 1243 826 1308 Celere,
844 1241 873 1293 L.
892 1241 996 1293 Afranio
1014 1241 1084 1294 Coss.

626 1440 770 1504 CICERO
794 1439 945 1504 ATTICO
971 1439 1001 1502 S.

370 1676 383 1720 1
414 1644 510 1721 Nihil
533 1644 620 1717 mihi
643 1671 738 1716 nunc
764 1646 852 1718 scito
870 1657 944 1717 tam
961 1643 1098 1744 deesse,
1123 1671 1228 1746 quam
1248 1646 1315 1719 ho-

314 1773 444 1845 minem
469 1797 567 1870 eum,
593 1771 734 1872 quicum
759 1771 876 1844 omnia
891 1773 914 1868 ¹,
944 1795 1032 1870 quae
1057 1796 1114 1842 me
1146 1797 1229 1843 cura
1256 1772 1319 1844 ali·

314 1875 383 1997 qua
409 1897 581 1996 alliciunt,
604 1921 674 1968 una
700 1895 955 1968 communicem
972 1910 1005 1965 ²:
1031 1895 1091 1996 qui
1115 1918 1172 1966 me
1198 1909 1321 1995 amet,

313 2023 374 2122 qui
397 2023 528 2122 sapiat,
552 2021 695 2122 quicum
718 2047 784 2118 ego
810 2019 991 2122 colloquar
1007 2021 1034 2118 ³,
1057 2019 1145 2093 nihil
1165 2021 1318 2121 fingam,

312 2145 401 2218 nihil
426 2145 654 2247 dissimulem,
677 2144 765 2218 nihil
791 2145 964 2243 obtegam.
989 2143 1099 2219 Abest
1124 2144 1220 2217 enim
1244 2144 1317 2218 lra-

311 2283 366 2343 ter
391 2277 607 2371 ἀφελέστατος,
632 2283 668 2344 et
685 2272 956 2344 amantissimus:
982 2269 1143 2344 Metellus
1160 2296 1234 2344 non
1250 2271 1318 2344 ho-

310 2420 387 2495 m0,
412 2395 475 2470 sed
497 2396 613 2496 littus,
640 2411 745 2499 atque
770 2407 845 2494 aer,
870 2409 906 2468 et
929 2394 1083 2469 solitudo
1106 2395 1248 2470 mersi:
1274 2411 1317 2470 tu

311 2535 446 2622 autem,
470 2523 531 2623 qui
556 2523 756 2622 saepissime
790 2547 909 2594 curam
939 2533 975 2594 et
1005 2547 1170 2620 angorem
1203 2523 1316 2595 animi

308 2647 379 2718 mei
405 2672 564 2720 sermone
590 2661 627 2720 et
652 2645 799 2720 consilio
823 2645 948 2720 levasti
972 2659 1060 2752 tuo,
1078 2648 1138 2747 qui
1163 2647 1250 2718 mihi
1277 2661 1315 2720 et

308 2769 347 2840 in
364 2771 504 2869 publica
530 2799 568 2846 re
593 2773 728 2858 socius,
754 2785 791 2844 et
814 2773 852 2844 in
875 2771 1022 2871 privatis
1048 2771 1211 2844 omnibus
1229 2799 1316 2845 con-

308 2895 417 2993 scius,
442 2911 478 2968 et
495 2898 652 2970 omnium
676 2922 836 2971 meorum
860 2921 1060 2970 sermonum
1087 2909 1123 2968 et
1147 2895 1313 2970 consilio-

306 3042 386 3090 rum
403 3021 578 3120 particeps
604 3046 678 3093 esse
704 3019 812 3119 soles,
836 3020 987 3094 ubinam
1005 3021 1064 3094 esl
1088 3023 1136 3093 ita
1164 3047 1241 3094 sum
1266 3021 1312 3095 ab

307 3143 470 3216 omnibus
496 3145 700 3245 destitutus,
724 3160 764 3218 ut
789 3159 927 3218 tantum
952 3147 1116 3247 requietis
1140 3145 1312 3247 habeam,

308 3279 478 3364 quantum
496 3295 576 3342 cum
600 3295 708 3344 uxore
741 3282 777 3340 et
801 3267 908 3344 liliola
933 3282 970 3341 et
986 3269 1119 3344 mellito
1137 3272 1310 3346 Cicerone

306 3394 531 3468 consumitur.
557 3395 648 3486 Nam
672 3395 752 3468 illae
770 3393 974 3498 ambitiosae
990 3409 1131 3468 nostrae
1148 3397 1313 3469 fucosae·

305 3540 373 3613 que
398 3520 569 3594 amicitiae
594 3522 736 3594 suntin
762 3519 917 3622 quodam
943 3518 1130 3619 splendore
1159 3521 1315 3620 lorensi,

303 3637 454 3716 fructum
488 3644 719 3718 domesticum
748 3670 824 3716 non
856 3643 997 3716 habent.
1030 3645 1173 3746 Itaque,
1199 3627 1315 3750 quum

301 3763 392 3840 bene
405 3771 581 3870 completa
594 3772 719 3847 domus
733 3785 798 3871 est,
815 3784 974 3870 tempore
988 3773 1180 3870 matutino,
1196 3798 1313 3874 quum

302 3889 348 3962 ad
365 3892 479 3968 forum
505 3898 626 3997 stipati
652 3896 817 3996 gregibus·
830 3896 1024 3967 amicorum
1041 3895 1315 3996 descendimus,
1432 3983 1435 3994 ,
