2886 5000
311 395 384 468 258
679 408 852 461 srrsronr
877 411 962 460 xmr.
1092 401 1123 452 r.
1140 404 1175 454 v.
1192 401 1223 451 c.
1240 401 1291 468 ιρι

309 543 448 619 semper
483 520 638 618 quienm.
674 514 794 606 Quare
830 509 1074 585 incumbamus
1086 565 1098 609 ‚
1130 533 1154 582 o
1192 523 1316 583 noster

309 643 407 743 Tite,
432 641 478 715 ad
502 639 560 714 illa
585 638 764 742 praeclara
788 637 919 736 studia,
943 649 980 709 et
1004 659 1064 734 eo,
1089 632 1185 708 unde
1203 633 1317 709 disee·

309 769 391 842 dere
417 793 490 842 non
515 767 691 868 oportuit,
716 763 904 866 aliquando
929 775 1156 836 revertamur.

358 895 380 969 3
407 892 517 988 Quod
535 893 586 981 ,de
610 893 735 986 Quinti
762 889 878 966 fratris
911 887 1075 991 epistola
1094 883 1233 986 scribis,
1265 887 1314 960 ad

306 1045 363 1094 me
389 1045 529 1122 quoque
553 1018 619 1093 fuit
642 1023 762 1116 πρόσθε
786 1020 878 1112 λέων,
904 1022 1013 1086 ὄπιθεν
1037 1015 1072 1084 δὲ
1088 1055 1139 1070 -·
1157 1012 1243 1115 quid
1262 1013 1313 1087 di·

306 1173 385 1220 cam
404 1160 434 1198 ¹²
458 1144 586 1218 nescio.
613 1143 703 1218 Nam
730 1142 780 1218 ita
806 1140 970 1243 deplorat
997 1139 1120 1241 primis
1152 1139 1313 1216 versibus

305 1271 524 1344 mansionem
542 1271 572 1322 ¹³
597 1295 717 1355 snam,
745 1283 786 1343 nt
813 1268 972 1371 φιειιιιίιι
1004 1291 1147 1342 movere
1178 1267 1312 1368 possit:

206 1443 208 1448 ·
304 1396 353 1469 ita
377 1421 496 1470 mrsus
521 1395 685 1494 remittit,
709 1401 750 1468 ut
772 1419 831 1468 me
856 1407 973 1495 roget,
997 1407 1039 1467 ut
1058 1392 1200 1467 annales
1226 1419 1311 1466 suos

304 1520 488 1596 emendem
520 1535 557 1596 et
588 1517 700 1594 edam
732 1519 826 1595 Illud
858 1533 996 1608 tamen,
1034 1518 1131 1621 quod
1163 1518 1313 1618 scribit,

195 1657 198 1665 '
303 1647 560 1724 animadvertas
573 1647 680 1721 velim
685 1703 696 1748 7
713 1646 757 1720 de
770 1647 929 1748 portorio
943 1645 1247 1722 circumventionis
1262 1643 1308 1717 ¹4:

303 1773 365 1872 ait,
381 1800 418 1846 se
444 1773 489 1848 de
514 1773 650 1848 consilii
674 1772 848 1848 sententia
872 1799 948 1862 rem
972 1771 1020 1846 ad
1043 1784 1205 1845 senatum
1221 1772 1308 1845 reie-

302 1898 398 1974 cisse.
424 1898 594 1974 Nondum
618 1898 784 1974 videlicet
806 1925 903 1974 meas
927 1897 1045 1972 literas
1061 1896 1308 1998 legerat3qui-

300 2022 368 2096 bus
399 2025 445 2098 ad
477 2051 575 2126 eum,
606 2051 645 2100 re
674 2023 835 2100 consulta
863 2039 900 2100 et
928 2023 1125 2125 explorata,
1156 2022 1307 2124 perscri-

299 2175 456 2250 psoram,
480 2175 556 2226 non
581 2150 701 2226 deberi
720 2154 760 2227 ¹⁵.
780 2151 920 2252 Velim,
944 2151 973 2224 si
999 2151 1060 2252 qui
1085 2149 1213 2224 Graeci
1236 2151 1309 2223 iam

300 2277 449 2352 Romam
478 2301 521 2352 ax
544 2278 628 2353 Asia
663 2277 709 2354 de'
740 2303 780 2354 ea
814 2301 918 2351 causa
942 2289 1132 2373 venerunt,
1165 2274 1308 2374 videas,

299 2414 352 2506 et,
378 2403 407 2475 si
433 2401 497 2477 tibi
522 2403 717 2506 videbitur,
740 2403 795 2478 his
812 2403 1048 2503 demonstres,
1073 2400 1159 2503 qnid
1176 2427 1242 2502 ego
1262 2400 1306 2475 de

297 2551 339 2600 ea
364 2554 401 2601 re
427 2531 585 2605 sentiam.
615 2531 651 2603 Si
675 2557 821 2632 possum
854 2529 1033 2604 discedere
1053 2531 1093 2628 ¹⁶,
1118 2553 1163 2602 ne
1197 2555 1304 2602 causa

297 2654 434 2753 optima
458 2657 496 2730 in
521 2670 645 2732 senatu
670 2672 810 2758 pereat,
842 2682 908 2755 ego
940 2650 1152 2730 satisfaciam
1183 2653 1303 2754 publi·

296 2780 410 2877 canis5
434 2787 461 2852 εἰ
485 2783 521 2852 δὲ
548 2787 589 2876 μὴ
617 2791 718 2872 (vere
750 2796 868 2857 tecum
898 2780 1060 2884 loquar),
1091 2781 1129 2852 in
1161 2779 1231 2852 hac
1264 2805 1302 2852 re

294 2903 389 2977 molo
414 2908 596 2983 universae
619 2910 738 3009 Asiae,
763 2923 799 2982 et
815 2906 1102 3007 negotiatoribus.
1128 2905 1223 2980 Nam
1240 2931 1302 2982 eo·

293 3052 373 3102 rum
398 3057 538 3135 quoqne
562 3033 789 3111 vehementer
813 3036 968 3108 interest
993 3031 1075 3108 Hoc
1100 3059 1165 3132 ego
1182 3034 1300 3106 sentio

293 3152 397 3227 valde
418 3159 524 3233 nobis
549 3185 640 3262 opus
665 3185 749 3235 esse.
776 3161 846 3236 Sed
871 3154 921 3234 m?
935 3159 976 3234 id
998 3143 1145 3234 iidebis.
1180 3161 1300 3254 Quae-

292 3291 404 3353 stores
422 3295 556 3386 autem,
580 3314 727 3389 quaeso,
752 3313 837 3364 num
855 3285 962 3362 etiam
979 3284 1023 3360 de
1046 3285 1255 3386 cistophoro
1270 3302 1298 3353 ¹7

293 3401 477 3482 dubitarat
501 3437 585 3485 nam
608 3413 638 3488 si
668 3408 764 3488 aliud
796 3408 880 3488 nihil
908 3411 990 3486 erit:
1024 3437 1133 3516 quum
1167 3413 1296 3484 erimus

291 3533 409 3608 omnia
435 3539 586 3638 experti,
611 3567 676 3640 ego
700 3565 746 3613 ne
772 3536 860 3614 illud
885 3535 1030 3642 quidem
1050 3549 1299 3636 contemnam,

291 3657 389 3756 qnod
411 3676 607 3740 extromum
630 3681 693 3741 est
718 3667 771 3742 Te
791 3665 827 3738 in
843 3664 1007 3764 Arpinati
1024 3662 1294 3762 videbimus‚'et

290 3781 443 3884 hospitio
460 3793 588 3889 agresti
600 3794 631 3844 ¹⁸
649 3794 875 3895 accipiemus3
885 3791 1059 3896 'quoniam
1075 3791 1290 3888 maritimum

290 3907 360 3982 hoc
387 3920 637 4020 contempsisti.

787 4089 852 4180 ὅ
