2834 5012
466 437 711 490 turnonvc‘rlo
1054 441 1090 486 ΙΧ

96 543 302 653 gnoverint
323 541 404 652 (1);
426 542 507 624 sive
536 543 707 622 Paetum
737 542 909 658 stoicum
938 533 1101 622 factum·

96 692 282 801 exagitat.
311 704 351 770 et
376 687 427 770 ad
449 692 533 771 eius
555 717 673 771 cenas
698 691 892 773 invitatur
914 689 990 798 (2),
1010 691 1092 772 sive

97 835 257 918 demum
287 838 446 940 Caninii
475 836 608 918 Rebili
630 838 885 919 consulatum
915 835 964 916 ad
997 863 1094 947 pau-

99 1015 155 1068 cas
185 985 306 1068 horas
336 986 580 1070 duraturum
606 988 745 1070 irridet
771 987 852 1100 (3);
885 1001 924 1066 et
953 987 1025 1067 alia
1053 985 1095 1068 id

102 1164 221 1245 genus
244 1152 441 1220 sexcenta.
464 1139 599 1248 Atque
620 1139 663 1218 in
685 1134 748 1218 his
770 1133 958 1218 omnibus
979 1133 1096 1216 binae

103 1287 249 1366 enitent
277 1285 463 1397 epistolae
492 1285 541 1367 ad
570 1287 619 1369 L.
647 1275 873 1368 Lucceium
883 1285 953 1397 (4)
982 1281 1098 1364 etad

106 1432 302 1538 Quintum
334 1431 497 1518 fratrem
519 1435 598 1546 (5),
626 1463 729 1546 quae
759 1463 781 1515 a
809 1438 905 1518 viris
934 1429 1099 1514 eruditis

106 1609 253 1694 semper
281 1586 323 1662 in
354 1581 502 1668 deliciis
540 1583 699 1667 habitae
736 1583 915 1666 fuerunt.
944 1583 1101 1664 Earum

105 1729 215 1812 altera
246 1732 471 1816 Lucceium
492 1736 634 1816 Cicero
663 1749 794 1846 rogat,
820 1748 868 1814 ut
895 1730 1102 1814 historiam

106 1907 235 1961 rerum
265 1911 430 1966 suarum
456 1913 477 1966 a
499 1886 699 1998 principio
721 1884 1009 1966 coniurationis
1030 1882 1104 1960 Ca-

108 2029 292 2114 tilinariae
321 2062 450 2146 usque
480 2035 530 2116 ad
558 2035 734 2118 reditum
762 2034 813 2118 ab
842 2035 979 2116 exsilio
1010 2059 1105 2112 con·

110 2178 272 2282 scribam
309 2183 428 2266 altera
459 2187 614 2293 Quinto
643 2183 756 2269 fratri
784 2186 980 2268 rationem
1008 2206 1105 2291 pro-

112 2328 258 2412 vinciae
299 2333 494 2444 regendae
535 2334 720 2448 pluribus
763 2336 913 2447 aperit:
957 2333 1001 2412 in
1042 2327 1106 2408 illa

112 2473 348 2564 admiramur
376 2481 591 2568 artificium
629 2489 859 2599 scriptoris,
898 2497 938 2565 et
967 2480 1107 2562 multi-

115 2625 196 2734 plex
227 2633 437 2744 ingenium
472 2638 517 2717 in
554 2634 826 2748 excogitandis
863 2627 1108 2744 rationibus,

119 2775 255 2888 quibus
275 2779 484 2866 hominem
505 2786 682 2897 impellat
700 2783 750 2865 ad
772 2778 1048 2876 scribendum,
1065 2777 1110 2856 in

116 2923 188 3025 hac
214 2957 332 3012 usum
353 2961 493 3014 earum
514 2963 673 3033 rerum,
695 2961 798 3044 quae
820 2929 869 3012 ad
891 2957 976 3010 rem
998 2923 1111 3037 publ.

116 3079 320 3186 pertinent,
334 3097 374 3162 et
387 3098 539 3165 tuntum
557 3087 845 3188 sententiarum
865 3081 1112 3192 gravitatem,

162 3448 199 3526 (ι)
218 3449 273 3532 np.
295 3448 413 3524 cccv,
439 3471 462 3511 1.

161 3543 197 3622 (α)
218 3547 294 3632 epp.
316 3547 418 3621 cnr,
438 3547 554 3620 cuti.
575 3547 703 3610 cmiv
724 3558 754 3608 et
775 3543 911 3606 curvi.

163 3641 200 3721 (3)
219 3644 275 3726 Ep.
297 3645 435 3707 netur.

166 3739 203 3818 (i)
222 3742 277 3825 Ep.
299 3743 409 3807 Cvttt.

166 3833 415 3922 mmmm
