3012 5000
329 375 397 499 ipa
678 411 849 468 rrtsronx
875 420 968 468 xxix.
1100 414 1130 464 a.
1149 419 1299 481 vacas

323 523 368 597 ab
390 545 536 597 'summa
546 548 560 638 [f
568 512 767 620 integritate
808 520 1092 622 continentiaque
1131 520 1325 598 deduxerit.

289 636 291 655 ¹
323 647 421 744 Quid
444 664 562 737 autem
586 647 731 750 reperiri
752 663 826 722 tam
843 650 1024 748 eximium,
1051 662 1111 720 aut
1128 643 1202 721 tani
1219 649 1327 750 expe-

321 751 468 885 tendum
492 789 628 877 potest,
653 803 759 878 quam
783 777 887 851 istam
905 776 1086 875 virtutem,
1110 774 1324 850 moderatioss

321 930 403 992 nem
420 904 543 1003 animi,
567 903 854 1002 temperantiam,
880 928 955 975 non
970 900 1078 1004 latere
1094 904 1132 975 in
1149 902 1327 1012 tenebrisz

320 1055 535 1132 nequeesse
561 1027 733 1127 abditam,
759 1029 821 1102 sed
847 1030 884 1102 in
908 1028 986 1103 luce
1011 1029 1131 1128 Asiae,
1155 1029 1194 1101 in
1211 1028 1321 1102 oculis

321 1155 530 1260 clarissimae
556 1155 776 1255 provinciae,
801 1169 906 1256 atque
931 1157 967 1228 in
993 1154 1135 1228 auribus
1162 1157 1323 1230 omnium

321 1279 476 1380 gentium
501 1307 542 1355 ao
559 1283 742 1355 nationum
759 1307 834 1354 esse
851 1282 1025 1382 positam?
1049 1307 1122 1358 uon
1138 1255 1322 1358 itinerilius

320 1408 389 1480 tuis
403 1425 440 1473 ι94
452 1409 638 1509 perterreri
664 1408 844 1481 homines?
869 1433 942 1482 non
968 1423 1109 1509 sumptu
1129 1407 1318 1483 exhauriri?

318 1519 393 1606 non
419 1534 573 1608 adventu
600 1534 835 1608 commoveri?
860 1560 951 1634 esse,
978 1519 1198 1637 quocumque
1217 1547 1322 1609 venei
1383 1583 1390 1602 s

317 1657 382 1762 ris,
406 1675 442 1733 et
467 1659 608 1761 publice
634 1676 669 1733 et
693 1655 877 1761 privatimi
909 1643 1097 1736 maximam
1129 1661 1321 1735 laetitiam?

318 1814 425 1888 quum
450 1787 534 1860 urbs
560 1788 759 1887 custodem,
786 1814 858 1861 non
876 1765 1082 1888 tyrannum:
1109 1771 1319 1862 domuslro-

317 1914 462 2015 spitem,
486 1939 560 1987 non
584 1915 811 2014 expilatorem
836 1917 1010 2017 recepisse
1036 1915 1219 1992 videatur?
1241 2007 1244 2012 Ι

324 2051 328 2103 ῖ
357 2041 428 2112 ἸΠ.
456 2041 478 2114 3
503 2041 568 2113 His
595 2055 712 2113 autem
729 2042 767 2114 in
783 2040 887 2116 rebus
905 2043 974 2116 iarn
992 2057 1027 2116 te
1045 2069 1127 2116 usus
1144 2043 1219 2141 ipse
1235 2067 1316 2142 pro·

296 2165 409 2246 ,fecto
433 2166 598 2265 erudivit,
622 2192 845 2269 nequaquam
862 2169 1054 2268 satisesse,
1078 2169 1194 2267 ipsum
1211 2167 1317 2241 hasce

315 2288 445 2363 habere
462 2305 492 2340 ²⁰
519 2293 683 2392 virtutes7
708 2293 770 2366 sed
797 2319 871 2367 esse
898 2293 1248 2394 circumspiciendum
1266 2292 1316 2366 di-

314 2413 483 2518 ligenter,
513 2431 554 2491 ut
582 2419 621 2490 in
652 2403 719 2494 liae
752 2418 912 2494 custodia
945 2421 1149 2529 provinciae
1174 2446 1247 2494 non
1279 2433 1315 2492 te

314 2570 443 2652 uuum⁷
467 2544 530 2618 sed
555 2571 678 2632 omnes
690 2547 875 2622 ¹ministros
892 2547 1031 2648 imperii
1049 2548 1099 2620 tui
1106 2603 1118 2648 7
1143 2547 1263 2645 sociis,
1280 2559 1317 2620 et

314 2671 450 2750 civibus
456 2727 469 2772 7
493 2686 530 2746 et
554 2673 782 2774 reipublicae
803 2689 983 2774 praestare
1005 2670 1156 2758 videare.
1181 2673 1314 2766 Quam-

314 2824 422 2898 quam
443 2797 576 2896 legatos
600 2799 712 2874 habes
735 2827 815 2902 eos,
839 2802 899 2902 qui
924 2801 993 2900 ipsi
1017 2827 1082 2900 per
1106 2827 1145 2874 se
1159 2799 1314 2874 lrahituri

312 2923 385 2994 sint
408 2927 580 2998 rationem
605 2925 784 3024 dignitatis
808 2929 908 3026 suae3
934 2926 979 2999 de
1004 2925 1131 3028 quibus
1155 2926 1290 3000 honore
1302 2979 1314 3023 ,

312 3060 350 3118 et
370 3035 556 3156 dignitate,
580 3064 618 3125 et
634 3067 748 3126 aetate
765 3066 921 3153 praestat
946 3047 1106 3150 Tubero,
1123 3075 1228 3154 quem
1245 3045 1313 3150 ego

312 3171 474 3276 arbitror,¹
499 3155 704 3276 praesertim
721 3159 830 3280 quuln
855 3179 989 3252 scribat
998 3180 1182 3254 'historiam
1189 3199 1200 3280 ‚⁴
1223 3177 1312 3250 mul*

311 3292 367 3412 tris
385 3281 531 3414 'ex'sms
548 3278 731 3416 annalibus
748 3332 853 3410 posse
872 3306 1039 3406 deligere,
1065 3332 1152 3418 quos
1165 3303 1256 3390 'velit
1274 3315 1311 3383 ct

310 3426 423 3526 possit
446 3427 586 3502 imitari:
611 3429 767 3506 Allienus
792 3446 910 3508 autem
935 3447 1055 3540 noster
1079 3445 1132 3504 est
1149 3447 1180 3540 ξι
1199 3455 1309 3531 quum

309 3552 427 3648 ptumo
454 3569 490 3627 et
505 3555 768 3658 benivolentia,
793 3574 869 3652 tum
887 3586 971 3634 vero
988 3561 1093 3634 etiarn
1111 3556 1308 3651 imitatione

308 3680 459 3753 vivendi.
487 3683 578 3755 Nam
603 3686 688 3786 quid
714 3713 778 3784 ego
797 3688 841 3759 de
859 3686 1020 3760 Gratidio
1040 3685 1176 3758 dicam?
1202 3709 1307 3784 quem

308 3821 404 3878 certo
430 3810 502 3882 scio
527 3811 576 3882 ita
601 3811 757 3887 laborare
787 3816 831 3887 de
866 3813 1119 3896 existimatione
1152 3837 1233 3906 sua,
1266 3821 1306 3880 ut

306 3949 451 4035 propter
476 3932 630 4014 amorem
648 3958 678 3992 22
704 3944 741 4016 in
773 3969 840 4017 nos
872 3941 1084 4026 fraternum,
1119 3938 1225 4010 etiam
1260 3933 1306 4008 de
