2886 5000
349 372 416 464 184
691 389 860 440 nrrsrom
887 393 979 440 xxix.
1116 385 1146 438 l.
1165 390 1199 440 v.
1217 391 1244 438 c.
1262 387 1311 440 cos

341 494 484 593 delapsa
514 505 568 566 est
598 491 710 566 oratio
738 515 836 592 mea;
858 519 967 594 quum
993 490 1031 564 id
1058 490 1142 562 mihi
1171 489 1334 591 proposi-

340 635 417 694 tum
440 615 541 692 initio
565 639 638 692 non
659 616 788 690 luisset.
813 591 911 711 Quid
935 619 1028 690 enim
1052 617 1086 689 ei
1105 617 1335 718 praecipiam,

339 771 444 848 quem
459 770 524 844 ego
541 745 580 816 in
594 743 664 817 hoc
680 745 886 843 pracsertim
903 769 1027 844 genere
1044 741 1240 840 intelligam
1255 763 1336 840 pru-

338 871 458 945 dentia
473 895 546 944 non
571 895 645 944 csse
661 865 873 969 inferiorem,
896 895 1003 971 quam
1019 894 1075 942 me
1091 867 1142 966 4⁰5
1166 893 1233 940 usu
1250 891 1336 942 vero

337 998 445 1070 ctiam
469 995 703 1095 superioreml
729 995 799 1068 Sed
823 1009 941 1068 tamen
966 995 996 1068 si
1021 993 1067 1068 ad
1092 996 1264 1094 ea,'rp1ae
1287 989 1336 1064 fa·

337 1148 448 1222 ceres,
472 1122 659 1196 auctoritas
685 1101 867 1196 accederet
898 1145 993 1219 mea,
1025 1119 1090 1192 tibi
1115 1120 1192 1218 ipsa
1225 1116 1285 1190 illa
1301 1113 1334 1181 4¹

335 1248 459 1348 putavi
483 1247 557 1322 fore
588 1246 803 1321 iucundiora.
837 1249 955 1340 Quare
986 1247 1055 1320 sint
1087 1245 1175 1318 haec
1208 1242 1366 1316 funda·

334 1385 455 1445 menta
480 1371 658 1470 dignitatis
688 1387 784 1445 tuae:
813 1387 875 1446 tua
906 1373 1060 1472 primum
1090 1371 1271 1469 integritas
1297 1381 1338 1441 et

335 1499 568 1596 continentia;
591 1493 720 1571 deinde
743 1498 918 1596 omnium,
944 1497 1005 1599 qui
1021 1511 1137 1570 tecum
1156 1509 1252 1594 sunt,
1269 1521 1337 1594 pu·

335 1620 416 1721 dor5
441 1621 597 1696 delectus
621 1625 658 1695 in
674 1621 982 1720 familiaritatibus,
1007 1637 1044 1696 ct
1063 1621 1336 1724 provincialium

332 1745 515 1822 hominum
545 1763 581 1822 ct
613 1750 845 1846 Graecorum,
869 1749 1064 1848 'percautus
1097 1762 1133 1821 et
1164 1746 1335 1846 diligens3

332 1869 481 1945 familiae
506 1875 618 1972 gravis
644 1887 681 1946 et
705 1886 871 1946 constans
898 1872 1091 1973 disciplina.

382 2027 404 2100 7
431 2000 532 2092 Quae
558 2023 666 2100 quum
689 1997 838 2073 honesta
863 2000 934 2072 sint
958 2000 995 2072 in
1019 1999 1073 2072 his
1099 1998 1246 2099 privatis
1270 2022 1334 2071 no·

332 2125 412 2196 stris
429 2124 711 2226 quotidianisque
728 2123 932 2197 rationibus:
957 2126 994 2196 in
1011 2138 1111 2198 tanto
1128 2125 1278 2224 imperio
1290 2122 1334 2219 4²,

331 2261 405 2320 tarn
422 2247 622 2348 depravatis
634 2249 802 2349 moribus,
819 2264 893 2323 tam
904 2250 1118 2348 corruptrice
1132 2249 1334 2348 provincia,

333 2372 451 2446 divina
472 2375 657 2448 videantur
674 2401 815 2449 necesse
832 2391 893 2449 est.
920 2377 1017 2449 Haec
1034 2376 1208 2448 institutio
1226 2388 1333 2475 atque

331 2497 419 2571 haec
438 2499 621 2600 disciplina
637 2515 756 2601 potest
771 2503 941 2578 sustinere
956 2503 995 2576 in
1012 2495 1115 2576 rebus
1136 2501 1333 2575 statuendis

331 2637 368 2696 et
384 2624 612 2700 decernendis
630 2653 708 2700 cam
727 2630 963 2727 severitatem,
980 2642 1102 2729 quatu
1118 2628 1209 2701 iniis
1227 2626 1332 2700 rebus

329 2775 411 2823 usus
437 2777 491 2851 ec,
516 2777 559 2825 ex
584 2753 709 2854 quibus
734 2753 919 2828 nonnullas
941 2753 1132 2826 simultates
1154 2779 1235 2825 cum
1261 2779 1332 2826 rna-

332 2900 400 2971 gna
424 2903 501 2948 mea
518 2877 649 2951 laetitia
667 2893 847 2978 susceptas
864 2867 1041 2952 habemus.
1067 2879 1145 2952 Nisi
1162 2878 1253 2951 forte
1274 2904 1331 2951 me
1385 2877 1390 2888 ’

330 2999 477 3074 Paeonii
501 3005 618 3077 nescio
644 3006 759 3104 cuius,
783 3005 934 3080 hominis
960 3031 1005 3078 nc
1023 3006 1148 3080 Graeci
1166 3003 1331 3105 quidem,

333 3137 370 3196 at
385 3126 490 3226 Mysii
507 3144 567 3202 aut
591 3131 739 3230 Phrygis
766 3133 901 3230 potius,
927 3113 1075 3233 lpuerelis
1100 3131 1237 3206 moveri
1263 3157 1331 3230 pu-

332 3263 385 3322 tas
391 3278 403 3350 3
420 3266 480 3323 aut
497 3254 675 3354 Tuscenii,
692 3256 844 3330 hominis
860 3256 980 3330 tiniosi
1003 3284 1044 3330 ac
1069 3255 1204 3331 sordidi
1231 3256 1330 3330 voci-

330 3372 414 3475 bus,
440 3379 537 3451 cuius
555 3393 594 3452 tu
611 3407 654 3454 ex
670 3383 911 3482 impurissimis
935 3382 1092 3456 faucibus
1118 3382 1333 3458 inhonestis-

331 3500 456 3576 simam
480 3506 710 3604 cupiditatem
734 3509 891 3609 eripuisti
912 3535 1047 3582 summa
1066 3535 1146 3582 cum
1164 3508 1329 3612 equitate.

381 3627 460 3701 VH.
493 3631 609 3730 Haec,
644 3647 680 3706 et
712 3647 827 3708 cetera
858 3633 963 3736 plena
994 3635 1205 3732 severitatis,
1238 3658 1330 3735 quae

330 3754 480 3826 statuisti
505 3755 542 3830 in
566 3758 632 3832 ista
656 3757 857 3861 provincia,
882 3786 955 3835 non
979 3761 1078 3836 sacile
1096 3761 1171 3834 sinc
1190 3786 1329 3833 summa

328 3876 526 3978 integritate
551 3887 805 3964 sustineremus.
832 3889 950 3983 Quare
976 3889 1021 3964 sit
1045 3915 1181 3964 summa
1198 3889 1235 3963 in
1250 3888 1329 3962 iure
