2886 5000
319 373 389 446 232
668 385 842 447 nrrsrota
867 391 986 442 xxxiv.
1095 387 1174 442 av.
1192 393 1220 440 c.
1237 388 1286 456 ⁶94

317 497 372 570 his
391 522 477 596 spes
501 508 571 594 est5
595 494 738 596 opinor,
771 491 866 568 aliud
894 517 1043 594 agamus.
1076 493 1155 592 Ego
1180 519 1248 568 me*
1263 495 1306 570 do

316 622 490 697 historiae.
517 624 755 723 Quamquam,
778 619 861 694 licet
884 645 942 695 me
973 618 1181 693 Saufeium⁶
1205 634 1304 721 putas

317 776 408 847 esse,
431 748 521 823 nihil
544 774 600 823 me
625 761 679 822 est
701 746 856 820 inertius.

368 903 390 950 2
415 874 487 949 Sed
511 898 682 985 cognosco
704 871 829 960 itinera
852 883 990 969 nostra3
1014 884 1056 942 ut
1080 882 1229 971 statuas,
1251 870 1311 944 nbi

317 1025 383 1086 nos
411 1001 549 1074 visurus
579 999 635 1072 sis.
668 999 711 1071 In
742 997 969 1070 Formianum
1000 995 1161 1070 volumus
1194 996 1310 1070 venire

317 1114 489 1200 Parilibus
507 1117 538 1188 ⁶:
565 1115 668 1216 inde,
693 1115 878 1216 (quoniam
902 1125 1006 1214 putas
1038 1115 1313 1214 praetermitten—
1432 1217 1433 1232 χ

318 1240 404 1314 dum
427 1240 529 1315 nobis
553 1241 722 1316 essehoc
748 1254 907 1342 tompore
933 1240 1077 1313 Cratera
1098 1237 1198 1313 iilum
1228 1239 1312 1313 deli·

317 1377 454 1458 catum)
479 1365 557 1439 Kal.
582 1367 684 1439 Maiis
709 1365 754 1440 de
769 1366 958 1440 Fonniano
982 1365 1259 1466 proficiscemur,
1275 1379 1311 1438 ut

317 1485 417 1564 Antii
441 1492 548 1564 simus
565 1518 594 1564 a.
613 1490 645 1565 d.
662 1517 694 1566 v.
720 1491 840 1566 Nonas
866 1491 985 1564 Maias.
1010 1490 1102 1564 Ludi
1126 1491 1221 1564 enim
1245 1492 1311 1564 An·
1432 1515 1433 1528 ¹

319 1613 359 1688 tii
384 1616 490 1692 futuri
514 1630 639 1691 sunta
663 1616 718 1689 IV
742 1616 788 1691 ad
812 1616 927 1719 pridie
949 1615 1071 1690 Nonas
1095 1616 1215 1689 Maias.
1240 1619 1310 1690 Eos

318 1741 433 1814 Tullia
458 1757 616 1843 spectare
640 1741 726 1817 vult
752 1742 840 1816 Inde
865 1742 981 1840 cogito
1006 1743 1044 1815 in
1061 1742 1311 1841 Tusculanum,

320 1864 447 1939 deinde
464 1867 651 1968 Arpinum,
667 1869 816 1941 Romam
833 1866 879 1941 ad
896 1866 975 1940 Kal.
1000 1867 1118 1940 Iunias
1133 1887 1156 1939 ⁷.
1184 1869 1237 1942 Te
1254 1882 1311 1940 aut
1432 1917 1433 1964 ι

318 1991 356 2063 in
380 1991 585 2092 Formiano,
612 2005 673 2065 aut
696 1992 811 2091 Antii,
836 2005 897 2066 aut
921 1993 958 2065 in
975 1993 1189 2094 Tusculano,
1214 2019 1311 2092 cura,-

317 2129 359 2188 ut
386 2115 577 2191 videamus.
601 2117 798 2218 Epistulam
829 2119 1044 2219 superiorem
1059 2150 1060 2156 ¹
1075 2120 1221 2194 restitue
1251 2144 1312 2194 no·

249 2326 254 2340 Ι
317 2239 389 2344 bis,
413 2257 450 2316 et
475 2245 625 2346 appinge
650 2242 783 2346 aliquid
807 2245 900 2320 novi.

734 2493 894 2572 XXXV·
965 2533 966 2538 ’
1062 2541 1120 2600 (Ad
1134 2541 1288 2602 Au.11‚9)

317 2669 536 2751 Argrrnoeneum.
562 2657 582 2733 ιΙ
597 2671 710 2736 Scribit
729 2693 761 2736 se
779 2676 811 2735 in
830 2673 915 2736 eaelo
940 2673 1095 2750 firmium,
1120 2680 1145 2748 si
1171 2677 1316 2752 Clodius,

359 2795 439 2858 quae
458 2777 611 2841 Ciceronis
631 2799 721 2841 oausa
733 2759 807 2841 oum
815 2779 963 2863 Pompeio
983 2785 1147 2865 pepigerit,
1166 2804 1230 2845 non
1249 2805 1313 2845 ser·

356 2893 425 2957 vet3
445 2903 463 2943 2
484 2895 617 2946 ueterum
637 2907 668 2947 se
687 2906 751 2948 non
769 2887 868 2948 vereri
887 2907 927 2948 ne
947 2885 1071 2950 Clodius
1083 2889 1141 2949 sibi
1156 2892 1315 2950 nocitums

280 2992 282 2996 ’
357 2987 411 3063 sit;
432 2988 450 3048 3
470 2989 615 3052 invidiam
635 2993 695 3052 iam
716 2991 756 3054 ad
774 2991 860 3066 illos,
880 2995 933 3074 qui
959 2994 1101 3056 iniustam
1115 2993 1178 3056 sibi
1206 3007 1313 3078 poten-

356 3092 431 3154 tiam
444 3107 600 3178 arrogent,
611 3101 827 3176 transituram
846 3099 868 3177 4
886 3098 1016 3182 denique
1029 3102 1137 3164 itinera
1149 3122 1204 3164 sua
1218 3112 1313 3190 notat.

454 3323 509 3379 Ser.
526 3325 669 3394 insatiati
686 3328 718 3382 A.
736 3328 770 3384 V.
787 3329 818 3384 C.
835 3327 983 3400 ncxctv,
999 3347 1067 3386 men.
1084 3331 1177 3402 Aprili.

491 3545 495 3552 ·
626 3541 771 3610 alcano
798 3543 950 3612 arrico
974 3547 1005 3612 s.
1128 3529 1131 3534 '

370 3772 383 3821 1
414 3748 446 3823 S.
475 3749 518 3828 V.
544 3753 583 3829 B.
607 3754 681 3830 E.¹
708 3757 828 3853 Quum
851 3756 940 3832 mihi
970 3755 1113 3832 dixisset
1141 3757 1315 3834 Caecilius
1432 3845 1433 3864 χ

316 3889 506 3973 quaestor²
524 3907 671 3983 puerum
696 3909 733 3960 se
749 3885 899 3965 Romam
914 3885 1067 3986 miuere,
1082 3884 1171 3962 haec
1188 3884 1314 3988 scripsi
1357 3891 1360 3896 '
