2834 5012
273 377 342 427 Vlll
559 389 563 396 ·
654 365 900 417 I'NTBODVCTIO

272 477 357 558 deri
385 500 436 555 ex
463 497 597 550 annua
616 455 852 580 provincia,
879 495 981 578 quae
1010 468 1126 579 longa
1156 470 1282 550 nimis¹

273 639 398 723 esset,
439 645 565 733 prope
596 620 674 700 iam
705 616 895 699 undecim
919 621 1127 716 ¹mensium
1161 647 1276 700 suam

276 773 524 888 provinciam
554 797 635 849 esse
663 764 809 847 factam
838 769 854 876 (
882 767 908 876 ).

318 913 412 1004 'Sed
440 909 548 1001 nihil'
569 919 812 1028 ingeniosius
845 915 1092 1016 rationibus,
1128 915 1279 1027 quihus

277 1072 340 1155 vel
383 1068 561 1180 dolorem
605 1066 703 1144 Titii
726 1059 781 1144 'et
820 1062 988 1176 Sulpicii
1029 1066 1284 1164 consolatur,

278 1220 342 1302 vel
363 1220 424 1300 M.
445 1215 707 1312 Marcellum,
728 1229 980 1332 ceterosque,
999 1215 1046 1295 C.
1061 1216 1225 1296 Caesare
1240 1219 1285 1298 II

280 1365 494 1463 dictatore,
515 1365 647 1444 Roma
661 1362 915 1461 exsulantem
936 1363 1149 1473 Figulum,
1169 1365 1287 1446 Plan-

282 1518 416 1613 cium,
446 1515 649 1610 Sextium,
678 1511 874 1610 Fadium,
901 1514 1168 1614 Mescinium,
1191 1515 1288 1595 Tre-

282 1660 476 1763 bianum,
520 1663 751 1773 Ligarium,
793 1659 913 1771 atque
941 1662 985 1740 in
1013 1663 1152 1771 primis
1182 1662 1289 1742 Tor·-

285 1825 455 1920 quatum
498 1824 538 1889 et
580 1801 794 1890 Caecinam
837 1824 1009 1894 conatur
1048 1835 1071 1890 a
1113 1837 1290 1890 maerore

285 1957 506 2058 abducere,
536 1956 816 2069 hortaturque,
838 1973 887 2038 ut
907 1955 1288 2060 fortiterfortunam

277 2093 404 2188 'tuam
432 2105 584 2206 ferant,
628 2121 667 2187 et
709 2106 811 2188 bene
849 2105 898 2188 de
927 2136 967 2186 se
1005 2136 1025 2186 e
1085 2105 1134 2186 de
1172 2105 1292 2186 rebus

288 2257 369 2336 suis
398 2271 568 2368 sperent
612 2246 825 2338 Accedunt
865 2255 928 2338 his
957 2121 1130 2393 epdstolis
1160 2257 1294 2336 salsio-

288 2431 372 2502 res,
394 2399 518 2513 quam
540 2402 791 2504 Atticorum,
820 2406 976 2484 romani
1005 2404 1100 2484 sales
1137 2418 1177 2483 et
1213 2433 1295 2516 ger·
1395 2453 1396 2498 3

289 2580 406 2633 mana
440 2551 655 2656 festivitas3
697 2557 780 2638 sive
822 2553 1013 2635 Trebatio
1054 2551 1294 2634 desiderium
1395 2521 1396 2594 d

289 2700 402 2784 urbis
424 2731 537 2816 aegre
560 2702 703 2786 ferenti
726 2703 885 2803 suadet,
902 2717 950 2783 ut
972 2681 1091 2813 capto
1112 2699 1294 2781 hostibus

291 2851 417 2932 Gallis
438 2853 573 2934 essedo
594 2855 768 2934 Romam
790 2867 971 2962 recurrat
992 2850 1073 2962 (a),
1096 2854 1177 2936 sive
1200 2853 1295 2932 Cae·

290 2999 344 3100 lio
373 2999 587 3110 pantheras
617 3001 666 3081 ad
695 3000 811 3082 ludos
840 3003 1048 3112 quaerenti
1069 3002 1213 3100 mitt't,
1236 3029 1296 3080 eas

292 3175 342 3228 ex
371 3177 441 3229 sua
471 3152 678 3262 provincia
706 3150 938 3250 decessisse,
961 3148 1073 3262 quod
1095 3148 1171 3230 sibi
1192 3150 1298 3246 solis,
1395 3259 1396 3264 Ν

263 3296 334 3375 ·in
378 3301 584 3408 provincia
624 3302 855 3399 Ciceronis,
898 3300 1058 3394 insidias
1101 3295 1187 3399 fieri
1228 3327 1296 3378 co·
1395 3315 1396 3322 '

334 3667 377 3746 (1)
399 3665 446 3728 Ad
466 3667 543 3750 App.
565 3690 612 3752 ep.
634 3667 758 3735 CCXII„

335 3766 376 3846 (π)
398 3765 456 3858 Ep.
478 3765 648 3831 CXXXVI.
