2932 5000
508 448 546 494 su
572 446 762 496 setsroees
1067 426 1134 522 421

171 549 268 610 armis
295 543 436 608 Clodium
465 547 639 608 instruxerit
667 547 841 631 Pompeius.
873 548 954 608 Tum
974 548 1028 610 secl
1047 549 1141 631 fidem

177 655 318 736 ηοεριὶςεε
336 653 392 714 sibi
411 673 483 714 saue
505 655 569 714 visa
590 639 660 714 sunt
679 653 842 734 Schiitei03
872 675 934 715 non
954 657 1026 716 item
1047 657 1140 716 Lam-

174 759 272 831 bino,
303 759 463 841 Popmae,
500 757 640 822 Ernestio
675 771 705 820 et
734 759 831 838 mihi3
860 781 991 842 quorum
1022 764 1139 844 primus

172 866 267 930 edidit
286 865 341 928 ced
353 863 448 948 fidem
467 864 581 926 dedsise
602 866 669 940 sibi,
696 866 772 928 alter
781 866 890 949 secisse
909 868 970 928 eibi.
990 867 1139 928 Neutrum

173 974 282 1058 placet.
303 973 378 1036 Em.
396 973 502 1036 mellus
510 971 630 1054 fidem,
640 981 676 1034 ut
689 973 836 1056 glossam,
849 973 977 1036 delebat.
992 974 1141 1057 Appimn,

172 1083 320 1142 nimirum
340 1081 466 1142 lustrem
488 1083 585 1166 ipsius
603 1079 768 1154 Pulchelli,
788 1085 851 1144 sive
872 1081 979 1143 Clodii.

131 1188 154 1250 6
174 1187 263 1250 emb.
282 1187 334 1261 26,
347 1187 414 1250 edd.
428 1188 503 1250 lens.
520 1198 550 1250 et
563 1187 629 1250 ttd.
636 1189 769 1269 primum
785 1223 827 1236 ··-·
845 1209 883 1250 m.
903 1200 1020 1262 convo,
1048 1191 1138 1250 nimi-

174 1317 260 1368 rum,
281 1294 397 1356 dixisse.

130 1424 149 1474 7
175 1402 278 1486 Opera
297 1401 416 1462 videtur
435 1399 620 1462 inculcatum
642 1421 661 1461 a
681 1421 746 1483 sup.
768 1402 798 1462 in
818 1402 872 1464 itta
891 1422 991 1484 opera.

128 1509 207 1572 81n
228 1509 388 1583 conviviis;
409 1507 445 1569 ct
466 1527 535 1590 epp.
557 1507 630 1579 XL,
655 1528 685 1579 1,
705 1517 735 1569 et
754 1507 887 1580 XXXV,
911 1529 935 1570 t.
962 1507 1045 1568 lulla
1070 1507 1138 1568 edd.

169 1616 262 1688 lena,
294 1613 360 1676 Ald.
391 1617 421 1676 et
451 1613 595 1674 Lambini
627 1635 718 1696 quum
742 1634 795 1694 ego
824 1617 972 1697 mqut'cam
1001 1626 1036 1674 te.
1064 1613 1137 1674 Mox

167 1723 321 1800 explicata
340 1731 385 1784 est
404 1741 462 1803 pro
483 1719 723 1792 soluta,libe1·a.
743 1721 880 1793 Sinite,
903 1719 934 1782 h.
955 1741 998 1793 a,
1018 1721 1043 1780 si
1067 1730 1138 1780 ante

167 1829 307 1900 veneris,
327 1849 420 1911 quam
442 1825 565 1888 Clodius
586 1827 667 1888 ineat
687 1826 876 1888 tribunatum
896 1825 1004 1910 plebis.

123 1958 149 2019 9
169 1935 304 2007 Scilicet,
326 1936 439 1996 Atticus
453 1944 574 2016 poterat
586 1955 640 2016 per
654 1933 792 1994 Clodiam
802 1931 982 2017 exspiseeci,
1001 1954 1063 2014 qua
1076 1932 1137 1996 fide

167 2043 334 2124 Pompeius
354 2051 475 2122 ageret,
496 2042 520 2102 si
542 2039 594 2102 illa
612 2061 631 2100 a
653 2039 762 2102 Crasso
781 2041 933 2114 rescisset,
963 2042 1016 2123 qui
1038 2039 1134 2100 Pom·

167 2151 272 2232 poium
286 2158 405 2231 poterut
419 2167 541 2228 ungena
556 2156 604 2218 ut,
618 2146 692 2228 quid
708 2149 846 2219 sentiret,
860 2148 998 2230 aperiret.
1014 2145 1136 2206 &nitu

130 2277 168 2318 so
190 2253 297 2317 Lamb.
318 2254 374 2316 mii
392 2275 540 2314 sunuuum
559 2274 620 2314 esse
641 2250 750 2315 odium.

583 2495 693 2555 XLlX.

128 2703 141 2742 e
167 2681 220 2744 sie
239 2684 356 2764 primus
377 2684 506 2744 correxit
525 2681 712 2755 Lambinus,
734 2692 765 2743 et
783 2693 852 2766 post
883 2701 953 2746 eum
984 2680 1135 2740 Graevius

165 2800 198 2850 et
217 2787 291 2850 Ern.
313 2789 405 2872 Vulg.
427 2790 499 2850 olim
518 2811 634 2872 possem
664 2791 806 2862 ittveture,
835 2799 867 2852 et
897 2787 965 2850 edd
986 2807 1032 2870 pn
1052 2803 1137 2868 posse

167 2897 308 2969 imatus,
326 2900 358 2957 in
379 2917 442 2978 quo
464 2899 518 2982 int.v
537 2909 620 2977 puto.
645 2898 726 2958 Tum
746 2897 853 2958 Bosius
874 2915 891 2956 e
911 2897 972 2956 suis
993 2913 1061 2954 mss.
1082 2891 1136 2950 de-

166 3001 214 3062 dit
234 3003 306 3064 Post
324 3000 446 3076 detizde,
462 3002 544 3084 quod
557 3002 633 3064 hoec
653 3003 715 3064 duo
737 3021 824 3085 saepe
849 3001 991 3082 coniungi
1012 2997 1136 3060 soleant.

166 3107 231 3170 Pro
252 3129 289 3169 eo
310 3109 488 3171 Tunstallos
507 3110 566 3190 legi
581 3109 702 3172 volebat
715 3119 806 3182 ἁπλῶς
821 3106 946 3181 demde,
959 3117 990 3167 et
1003 3105 1035 3165 id
1047 3119 1137 3186 saepe

167 3216 202 3274 in
227 3227 297 3294 post
327 3226 481 3276 mutatum
511 3215 593 3276 dicit
626 3216 736 3278 Melius
755 3225 800 3278 est
816 3227 885 3297 post
910 3213 1027 3284 delere,
1054 3208 1138 3292 quod

166 3340 267 3400 neque
288 3323 319 3380 in
342 3320 431 3383 emb.
457 3343 508 3402 17,
538 3343 637 3404 neque
666 3325 698 3384 in
718 3333 773 3384 oet.
795 3321 861 3384 edd.
882 3331 951 3382 ante
971 3319 1137 3380 Graevium

168 3427 357 3499 invenimus,
378 3429 470 3490 etiam
484 3429 508 3488 si
522 3427 676 3490 Emestius
696 3428 769 3490 alibi
781 3425 967 3512 postdeitule
980 3443 1136 3487 occutuere

167 3532 250 3594 dicit
281 3533 354 3594 Mox
387 3533 455 3594 Ald.
488 3534 599 3616 aliique
630 3538 719 3598 enom
738 3535 821 3598 nullo
845 3533 957 3596 advers»
988 3533 1063 3592 ltem
1085 3546 1137 3586 nec

168 3639 347 3712 volumnus,
366 3661 421 3702 neo
440 3642 581 3706 sennoteis
600 3641 715 3705 habent
734 3644 804 3704 meti
824 3641 967 3724 plurimi,
995 3646 1026 3698 et
1045 3633 1138 3694 adno-

167 3747 245 3806 tavit
266 3748 326 3806 iam
346 3746 516 3830 Malaspina
536 3749 636 3830 potius
657 3770 740 3822 esse,
772 3769 865 3831 quem
897 3767 950 3808 nee
971 3741 1138 3818 velocitate,

165 3873 222 3914 aceo
242 3873 390 3918 eemeoue.
455 3899 457 3907 ,

127 3979 146 4018 o
170 3959 258 4022 nmo.
286 3959 321 4021 16
352 3973 381 4022 ct
413 3960 458 4024 ed.
480 3958 569 4026 Rom.
590 3975 688 4026 noster
706 3964 953 4044 consanguineum
974 3965 1137 4035 utetunque

1227 509 1327 556 ,¹8
