2886 5000
300 375 372 450 256
657 394 826 446 11111011
851 397 935 446 11111.
1076 395 1107 444 a.
1124 399 1159 446 v.
1176 400 1205 447 c.
1221 397 1273 463 ⁶94

298 502 357 603 qui
390 498 531 602 quidem
563 500 669 573 etiam
700 501 823 572 istuc⁶
849 496 978 572 adduci
1009 501 1171 598 potuerit.
1201 501 1295 574 Nam

297 625 411 700 adhuc
435 624 554 698 haecr
580 629 750 723 ἐσοφίζετο,
776 649 813 697 10
838 625 931 723 leges
948 625 1105 698 Caesaris
1122 626 1303 726 probare,

296 753 450 824 actiones
474 752 590 851 ipsum
615 763 790 852 praestare
817 749 962 849 debere,
985 752 1155 848 agrariam
1178 751 1294 851 legem

294 877 360 950 sibi
377 876 565 978 placuisse,
590 877 745 976 potuerit
761 875 948 975 intercedi,
972 901 1037 950 nec
1055 903 1118 976 ne,
1141 877 1230 951 nihil
1247 854 1294 953 ad

295 1029 332 1076 se
357 1004 549 1103 pertinere,
576 1002 620 1076 de
644 1027 725 1102 rege
742 999 1013 1076 Alexandrinos
1038 1001 1210 1103 placuisse
1226 1004 1295 1078 sibi

295 1129 483 1234 aliquando
501 1129 645 1228 confici,
669 1126 816 1203 Bibulus
834 1126 878 1200 de
899 1127 996 1202 caelo
1012 1141 1088 1200 tum
1105 1144 1298 1230 servasset,

293 1283 360 1329 nec
377 1281 439 1356 ne,
455 1253 521 1329 sibi
538 1253 775 1358 quaerendum
786 1277 860 1328 non
876 1253 998 1353 luisse,
1016 1253 1059 1326 de
1076 1245 1296 1355 publicanis,

294 1381 445 1456 voluisse
470 1380 519 1454 illi
545 1380 659 1454 ordini
677 1379 919 1480 commodare,
944 1378 1028 1482 quid
1044 1379 1292 1454 1010101111οε-

209 1573 214 1582 .
293 1509 355 1608 rit,
380 1508 410 1580 si
433 1506 578 1582 Ribrdus
604 1520 679 1580 tum
703 1507 741 1580 in
766 1506 880 1580 forum
906 1505 1158 1606 descendisset,
1182 1533 1220 1580 se
1238 1507 1306 1580 (11-Ι

290 1635 412 1708 cinare
437 1659 510 1707 non
537 1634 702 1734 potuisse.
728 1632 830 1707 Nunc
863 1657 965 1731 vero,
999 1631 1291 1733 Sampsiceramo,

293 1760 379 1860 quid
403 1758 516 1832 dicesl
541 1756 690 1857 vectigal
715 1772 750 1830 te
774 1757 877 1832 nobis
893 1759 931 1830 in
947 1771 1068 1830 monte
1085 1757 1289 1832 Antilibano

293 1885 512 1958 constituisse
529 1903 555 1983 9,
581 1885 652 1983 agri
675 1883 847 1984 Campani
867 1881 1069 1958 abstulisse?
1094 1883 1200 1984 quidl
1219 1883 1289 1958 hoc

292 1993 588 2112 quemadmodum
614 2009 809 2083 obtinebisl
834 2011 1032 2110 Oppressos
1053 2034 1116 2083 vos
1122 2065 1132 2108 ,
1157 1993 1290 2111 inquit,

291 2133 421 2208 tenebo
445 2136 597 2209 exercitu
625 2136 791 2224 Caesaris.
823 2134 906 2208 Non
936 2133 1134 2208 mehercule
1157 2159 1222 2216 ¹me
1249 2149 1289 2208 tu

291 2260 433 2362 quidem
456 2275 529 2334 tam
553 2262 621 2336 isto
654 2263 827 2361 exercitu,
854 2288 960 2366 quam
984 2260 1126 2360 ingratis
1160 2261 1286 2334 animis

286 2412 412 2460 <eorum
436 2387 635 2487 homiuum,
661 2389 720 2491 qui
746 2386 968 2488 appellantur
991 2385 1089 2458 boni:
1115 2387 1174 2487 qui
1201 2387 1286 2460 mihi

286 2537 362 2584 -non
387 2512 494 2586 modo
512 2515 762 2614 praemiomm,
785 2512 848 2586 sed
863 2537 1125 2608 nesermonum
1142 2511 1286 2612 quidem

289 2625 455 2739 umquam
479 2639 630 2713 huctum
655 2638 781 2738 ullum,
806 2653 867 2712 aut
891 2638 1037 2736 gratiam
1061 2636 1264 2711 retulerunt

340 2790 360 2836 a
388 2764 496 2856 Quod
520 2765 549 2837 si
569 2765 701 2837 ineam
718 2789 774 2836 me
791 2777 927 2866 partem
942 2779 970 2814 ¹⁰
988 2763 1186 2862 incitarem,
1203 2789 1283 2862 pro-

287 2887 380 2961 lecto
399 2889 470 2961 iam
487 2888 637 2992 aliquam
654 2890 842 2990 reperirem
858 2887 1042 2962 resistendi
1059 2888 1161 2960 viam.
1179 2887 1283 2962 Nunc

287 3038 429 3112 prorsus
444 3012 514 3087 hoc
531 3016 651 3116 statui,
668 3031 724 3114 ut,
741 3014 906 3115 quoniam
923 3027 1020 3086 tauta
1044 3015 1281 3087 controversia

287 3152 341 3211 est
363 3139 594 3239 Dicaearcho,
619 3140 776 3216 familiari
802 3154 880 3238 tuo,
910 3165 990 3212 cum
1016 3137 1281 3240 Theophrasto,

287 3263 399 3336 amico
425 3291 519 3365 meo,
545 3281 584 3340 ut
608 3267 665 3342 ille
694 3282 774 3340 tuus
807 3269 855 3337 τὸν
886 3268 1044 3361 πρακτικὸν
1075 3268 1143 3354 βίον
1174 3264 1279 3366 longe
1316 3292 1319 3303 ’

286 3387 447 3461 omnibus
473 3405 681 3492 anteponat,
704 3393 761 3465 hic
778 3404 896 3470 autem
911 3391 1158 3486 ro'aheopanaob
1167 3443 1178 3484 ,
1196 3391 1280 3464 utri·

287 3538 354 3613 que
380 3541 399 3588 a
425 3541 480 3588 me
511 3542 588 3591 11101
615 3532 730 3617 gestus
763 3543 837 3590 esse
863 3514 1031 3589 videatur.
1063 3517 1155 3588 Puto
1186 3518 1278 3588 enim

286 3665 341 3710 me
366 3639 580 3715 Dicaearcho
606 3643 736 3715 affatim
763 3639 983 3716 satisfecisse:
1010 3640 1159 3739 respicio
1185 3663 1278 3713 nunc

286 3763 331 3834 ad
363 3763 452 3838 hanc
485 3767 647 3842 familiam
669 3786 708 3868 ¹¹,
734 3795 822 3869 quac
855 3765 942 3838 mihi
975 3791 1046 3838 11011
1078 3765 1209 3864 modo,
1241 3781 1278 3837 ut

284 3892 513 3993 requiescam,
541 3897 727 3996 permittit,
752 3895 814 3968 sed
839 3889 1080 3992 reprehendit,
1106 3894 1274 3994 quianon
