2924 5002
339 420 409 516 298
718 431 888 483 errsrom
913 435 943 482 ι.
1111 430 1142 483 Α.
1159 435 1193 482 v.
1214 437 1243 484 c.
1260 432 1310 500 ot

337 542 495 616 stitutam
521 537 646 637 fuisse,
670 535 766 608 unde
791 535 929 636 eruptio
955 535 1067 608 fieret:
1093 561 1248 611 menon
1273 565 1337 611 no-

310 666 500 764 minavit,
526 663 589 736 sed
616 663 721 761 dixit,
739 659 956 734 consularem
981 661 1166 762 disertum,
1182 665 1337 738 vicinum

337 789 539 890 consulis1⁵,
556 789 623 863 sibi
640 789 787 887 dixisse,
803 785 951 860 Ahalam
968 787 1151 861 Servilium
1168 787 1336 891 aliquem,

338 899 400 991 aut
422 919 569 991 Brutum
596 941 686 1016 opus
712 939 786 986 esse
813 914 963 1014 reperiri.
983 912 1133 986 Addidit
1157 913 1204 987 ad
1229 929 1340 988 extre·

335 1069 450 1142 mum,
475 1067 601 1143 quum,
627 1041 696 1112 iam
723 1037 865 1112 dimissa
891 1038 1078 1137 concione,
1106 1053 1291 1113 revocatus
1318 1068 1338 1116 a
1372 1091 1374 1094 -

336 1169 482 1243 Vatinio
508 1167 643 1240 fuisset:
670 1191 708 1238 se
733 1164 871 1238 audisse
896 1190 915 1236 a
941 1164 1111 1264 Curione,
1135 1164 1190 1237 his
1217 1165 1262 1238 de
1287 1193 1338 1240 re·

335 1294 401 1368 bus
428 1293 608 1366 conscium
633 1317 707 1365 esse
732 1291 914 1389 Pisonem,
946 1315 1110 1388 generum
1135 1315 1276 1390 meum,
1301 1305 1337 1366 et

337 1421 393 1510 M„
417 1411 652 1493 Laterensem.
687 1415 792 1490 Nunc
822 1441 902 1494 reus
939 1428 1015 1488 erat
1047 1414 1142 1515 apud
1173 1417 1339 1490 Crassum

337 1545 491 1619 Divitem
516 1544 659 1617 Vettius
686 1542 731 1614 de
756 1541 813 1614 vi:
846 1554 900 1640 et,
936 1542 1044 1642 quum
1076 1553 1168 1612 esset
1194 1538 1339 1614 damna-

337 1685 393 1744 tus
413 1675 453 1772 ¹⁶,
478 1685 552 1744 erat
577 1668 746 1741 indicium
771 1665 1026 1768 postulaturus:
1056 1665 1153 1768 quod
1177 1667 1207 1740 si
1231 1667 1340 1776 impe-
1450 1663 1451 1688 l

339 1810 480 1895 trasset,
505 1795 637 1869 iudicia
663 1792 736 1867 sore
761 1790 978 1866 videbantur.

388 1921 409 1994 3
435 1911 488 1992 Ea
514 1945 599 2020 nos,
623 1932 749 2019 utpote
776 1919 835 2019 qui
854 1934 884 1984 ¹⁷
909 1916 997 1992 nihil
1028 1930 1252 1992 contemnere
1281 1945 1339 1993 so-

336 2044 467 2145 lemus,
498 2058 584 2119 non'
605 2045 945 2147 pertimescebamus.
977 2043 1170 2118 Hominum
1195 2044 1339 2147 quidem

337 2197 472 2244 summa
498 2198 580 2271 erga
605 2198 671 2246 nos
697 2172 812 2268 studia
837 2169 1134 2270 significabantur:
1153 2171 1217 2244 sed
1241 2197 1338 2272 pror·

338 2325 395 2372 sus
422 2301 515 2374 vitae
541 2299 677 2399 taedet3
701 2299 751 2372 ita
777 2313 859 2372 sunt
875 2284 996 2372 omnia'
1010 2297 1166 2370 omnium
1181 2299 1339 2372 miseria-

338 2451 415 2497 rum
440 2425 649 2527 plenissima.
676 2425 786 2498 Modo
805 2423 949 2497 caedem
964 2423 1208 2523 timueramus,
1232 2451 1339 2526 quam

276 2553 277 2556 ’
338 2553 450 2625 oratio
476 2549 655 2625 fortissimi
688 2551 797 2649 senis,
829 2550 873 2640 Q.
892 2548 1080 2650 ,Considii,
1113 2547 1337 2623 discusserat:

296 2655 300 2660 ’
338 2704 396 2778 ea,
428 2704 533 2780 quam
565 2678 723 2779 quotidie
758 2677 879 2782 timere
910 2688 1136 2776 potueramus
1155 2674 1197 2775 ¹⁸,
1221 2675 1337 2750 subito

338 2817 459 2877 exorta
484 2818 545 2878 est.
571 2805 668 2898 Quid
694 2800 855 2905 quaerisl
880 2800 967 2874 nihil
991 2827 1047 2874 me
1072 2799 1337 2903 infortunatius,

338 2929 388 3002 nil
412 2929 620 3005 fortunatius
646 2944 699 3003 est
724 2927 849 3003 Catulo
869 2943 910 3028 ¹9,
934 2955 1042 3030 quum
1067 2927 1256 3028 splendore
1286 2929 1335 3003 vi·

339 3069 414 3156 tae,
429 3069 505 3132 tum
523 3083 668 3130 occasus
686 3069 857 3155 tempore.
882 3053 956 3128 Nos
973 3067 1092 3126 tamen
1109 3053 1146 3126 in
1162 3053 1218 3126 his
1235 3041 1337 3127 mise-

339 3181 398 3253 riis
420 3197 536 3256 erecto
554 3184 671 3256 animo
690 3196 725 3255 et
740 3182 883 3254 minime
901 3178 1105 3281 perturbato
1125 3206 1261 3280 sumus,
1277 3180 1336 3252 ho-

339 3307 600 3409 nestissimeque
619 3309 824 3409 dignitatem
840 3321 998 3382 nostram
1015 3318 1051 3379 et
1067 3332 1194 3406 magna
1212 3333 1295 3380 cura
1306 3322 1334 3355 ²⁰

339 3445 485 3506 tuemur.
510 3435 698 3535 Pompeius
724 3435 768 3508 de
793 3433 919 3508 Clodio
943 3431 1042 3506 iubet
1070 3459 1135 3508 uos
1161 3459 1237 3506 esse
1263 3434 1334 3506 sine

341 3583 440 3658 cura,
465 3573 501 3633 et
525 3586 695 3635 summam
719 3561 758 3634 in
773 3587 839 3635 nos
855 3553 1130 3646 benivolentiam
1148 3561 1246 3633 omni
1264 3585 1335 3632 ora-

341 3685 437 3757 tione
463 3687 641 3785 significat.

369 3811 414 3904 4
440 3812 492 3884 Te
517 3811 645 3886 habere
671 3812 893 3886 consiliorum
919 3824 1115 3910 auctorem,
1145 3809 1336 3884 solicitudi-

342 3960 428 4010 uum
459 3941 609 4040 socium,
642 3940 736 4050 omni
769 3939 804 4008 irr
842 3936 1052 4037 cogitatione
1089 3939 1330 4034 coniunctum,
