2834 5012
470 451 716 502 lavamento
1030 452 1098 502 ltu

94 555 298 673 quomodo
337 569 495 638 senatus
523 556 706 641 consulta
735 551 1098 666 perscriberentur,

96 736 139 792 ex
162 705 330 820 epistola
347 703 398 786 ad
416 705 597 786 Caelium
611 705 682 816 (1).
696 701 834 786 Habes
852 718 891 784 et
904 707 1099 786 rationem

95 861 189 940 iuris
216 852 388 939 dicundi
417 857 459 934 in
488 855 717 966 provincia,
738 851 949 936 consilium
971 867 1011 936 et
1032 881 1098 964 ap·

95 1007 308 1121 pariticne's
331 1005 621 1117 proconsulum
641 1005 683 1084 in
704 1005 787 1086 suis
802 1004 1038 1116 provinciis,
1058 1017 1099 1086 et

97 1157 161 1236 alia
176 1169 389 1254 sexcenta,
412 1181 514 1266 quae
537 1168 576 1234 et
599 1155 702 1236 scitu
727 1151 956 1267 dignissima
984 1166 1098 1250 sunt,
1137 1173 1139 1180 ·

98 1320 132 1384 et
160 1303 274 1385 dictu
303 1305 526 1385 innumera.
567 1300 689 1410 Quod
717 1302 768 1384 ad
797 1329 928 1385 mores
956 1301 1098 1382 attinet

96 1455 285 1552 civitatis,
322 1479 389 1534 eos
424 1479 498 1533 nos
527 1451 787 1565 ditatique,
815 1469 856 1534 et
883 1453 1097 1565 praecipue

98 1600 287 1682 Salustius
315 1601 374 1711 (n)
400 1598 652 1682 docuerunt:
691 1602 897 1684 avaritiam
925 1598 1096 1682 subver-

98 1753 180 1832 tisse
223 1747 365 1850 iidem,
415 1747 682 1860 probitatem,
725 1765 953 1863 ceterasque
994 1761 1097 1830 artes

98 1899 234 1982 bonas:
265 1926 341 2012 pro
369 1897 433 1979 his
461 1897 642 1981 docuisse
672 1898 927 2012 superbiam,
956 1897 1098 1982 crude·

98 2049 264 2152 litatem,
298 2046 392 2130 deos
430 2050 652 2162 negligere,
689 2052 905 2161 omniaque
943 2050 1095 2133 venalia
1172 2069 1174 2076 ’

97 2197 254 2282 habere:
285 2196 541 2279 ambitionem
573 2198 772 2312 subegisse
813 2200 962 2281 multos
991 2226 1096 2280 mor·-
1172 2255 1175 2262 ι

99 2349 182 2428 tales
211 2345 332 2429 falsos
349 2344 471 2447 fieri,
488 2403 492 2412 -
508 2349 616 2434 aliud
645 2350 829 2432 clausum
856 2351 898 2430 in
934 2364 1096 2462 pectore

97 2497 195 2578 aliud
218 2500 263 2578 in
285 2498 421 2610 lingua
443 2515 681 2612 promptum
700 2499 846 2582 habere
855 2535 870 2590 ι,
878 2498 1095 2612 pudorem,

98 2645 345 2754 pudicitiam,
367 2645 500 2730 divina
524 2663 644 2760 atque
665 2631 844 2728 humana
866 2623 1094 2760 promiscua

98 2788 227 2877 fuisse:
250 2793 392 2878 domos
414 2813 454 2878 et
474 2799 586 2881 villas
608 2801 858 2910 privatorum
878 2795 1096 2878 hominum

98 2942 134 3020 in
159 2944 328 3027 urbium
357 2945 480 3029 modo
509 2945 801 3032 exaedificatas:
828 2949 935 3032 viros
958 2946 1096 3026 mulie-

98 3088 173 3171 bria
203 3123 365 3205 passos,
395 3096 579 3180 mulieres
608 3097 845 3211 pudicitiam
874 3100 915 3176 in
945 3124 1094 3208 propa-

99 3241 177 3322 tulo
205 3239 413 3325 habuisse:
435 3245 621 3330 vescendi
642 3271 761 3330 causa
783 3264 885 3331 terra
914 3248 1104 3355 marique*

97 3392 224 3476 omnia
254 3395 461 3506 exquisita.
492 3397 547 3478 At
570 3426 672 3512 quae
703 3400 869 3481 strictim
901 3395 1094 3477 Catilina-
