2932 5000
536 447 574 496 iu
600 444 789 496 sassones
986 423 991 438 ’
1091 428 1157 530 371

199 543 289 602 sitivo
311 539 440 625 simplici
459 557 632 626 praestans,
659 543 820 608 laudabile.
837 546 918 608 Tum
940 568 997 630 pao
1017 549 1079 610 alia
1099 573 1163 612 ma·

200 649 255 710 lim
280 649 397 721 auena,
418 661 451 711 ut
481 663 675 736 opponantur
695 651 784 726 suis,¹
802 654 863 716 scil.
885 653 1038 738 Ciceronis
1071 657 1162 718 nebus

199 759 305 837 gestias
326 757 380 818 etsi
401 757 464 822 alm
484 761 579 842 accipi
601 771 701 844 potest
720 781 778 844 pro
798 761 875 824 olias
895 782 954 834 aas,
980 782 1072 843 quam
1093 784 1163 827 con-

201 847 333 923 sulatum
355 884 453 924 suum.

158 988 199 1050 ²9
220 967 328 1030 Ambb.
355 969 390 1031 16
411 980 440 1032 et
465 991 516 1052 17,
538 972 602 1033 Ald.
624 973 736 1055 aliique
757 982 825 1035 ante
839 974 926 1035 Grut.
938 996 971 1057 p.
983 994 1014 1036 so
1028 975 1099 1036 midi
1112 1019 1119 1034 .
1134 1020 1161 1035 ..

198 1074 269 1136 Mox
289 1096 453 1138 accusasse
473 1076 584 1140 ductum
604 1079 731 1162 explana
751 1081 829 1142 nsale
842 1101 903 1142 csse
922 1079 1044 1152 dictum,
1068 1090 1103 1143 ut
1115 1082 1162 1164 ep.

200 1181 346 1255 CCXIII,
367 1181 423 1244 sub
444 1183 511 1258 fin,
532 1186 637 1268 insilitis
657 1205 740 1247 secta
759 1185 967 1257 existimandi,
987 1197 1042 1248 etc.

615 1423 715 1487 XXV.

162 1626 172 1664 1
200 1603 365 1668 DIsoordiis
386 1606 572 1681 domesticis,
596 1608 634 1670 de
662 1608 772 1692 quibus
793 1613 825 1672 in
846 1630 916 1693 epp.
936 1608 1163 1694 superioribus,

199 1713 378 1792 praesertim
398 1713 506 1786 XXII,
531 1733 554 1774 t.

158 1837 176 1876 a
200 1815 288 1876 Amb.
314 1814 350 1877 16
370 1818 482 1901 aliique
502 1817 585 1904 apud
605 1819 698 1885 Venb.
719 1820 774 1882 sed
791 1823 809 1882 i.
832 1820 920 1882 Illum
939 1820 1083 1904 loquendi
1097 1840 1162 1881 mo-

198 1922 272 1982 dum
293 1923 452 1985 confirmat
472 1925 556 1988 locus
576 1946 624 2008 cp.
644 1926 777 1999 DLVII,
803 1948 832 1988 t:
855 1926 891 1988 Si
907 1928 971 1988 istic
997 1925 1163 2009 affuissem,

199 2049 293 2112 neque
307 2031 359 2091 tibi
370 2029 540 2112 defuissem,
552 2051 709 2116 coronaque
730 2055 826 2096 meum
846 2032 977 2096 dolorem
999 2035 1051 2096 tibi
1061 2032 1163 2093 decla-

200 2154 317 2196 rassem.
338 2137 420 2198 Tum
441 2140 472 2198 in
493 2137 553 2200 fine
574 2159 634 2220 seq.
656 2142 817 2202 sententiae
843 2140 915 2200 Ero.
937 2150 967 2202 et
996 2137 1066 2200 Scis.
1094 2138 1167 2200 nihil

76 2237 78 2242 ’
199 2242 327 2321 amplius
346 2243 486 2317 scribere,
503 2247 618 2308 ¹omIsso
639 2247 708 2306 Iam.

107 2389 111 2401 .
160 2347 178 2407 3
203 2347 303 2409 Locus
323 2350 450 2433 elegans.
472 2351 583 2416 Sensus
604 2362 665 2414 est:
692 2370 754 2412 uon
775 2347 915 2412 abiiciam
937 2351 1164 2422 auctoritatem,

201 2475 293 2536 quam
314 2458 345 2516 in
366 2457 503 2541 republ.
525 2458 683 2520 consulatu
713 2477 781 2519 meo
804 2468 981 2520 consecutus
1002 2477 1086 2528 sum,
1109 2476 1166 2516 nec

201 2579 251 2618 me
272 2581 341 2620 cum
362 2562 437 2636 alio,
459 2574 493 2626 ut
512 2563 675 2646 Pompeio,
696 2566 878 2644 coniungam
900 2565 957 2633 sic,
974 2572 1009 2622 ut
1029 2565 1092 2624 eius
1113 2581 1166 2620 au-

202 2667 371 2728 ctoritatam
392 2679 512 2729 tantum
533 2689 641 2751 sequar
661 2679 691 2728 et
712 2670 739 2728 ei
761 2667 910 2730 obediam.
931 2668 1004 2728 Em.

157 2771 179 2846 4
202 2771 296 2843 Leve,
316 2793 426 2854 parum
447 2783 593 2836 constans.

160 2874 181 2934 5
202 2875 340 2959 Pompeii
361 2882 496 2940 animum
517 2879 712 2942 fluctuantem
734 2883 765 2941 in
786 2880 1000 2963 optimatium,
1026 2895 1062 2937 ac
1083 2893 1167 2936 sena-

201 2991 249 3046 tus
268 2983 407 3065 pastibus
425 2986 545 3048 tuendis
565 2987 802 3049 confirmassem.
837 2985 1006 3058 Malorum,
1026 2984 1079 3068 qui
1098 3002 1168 3064 spe*

202 3102 342 3152 caverant
368 3095 590 3156 contentionem
618 3094 683 3156 fore
710 3097 788 3154 inter
813 3092 994 3174 Pompeium
1025 3098 1054 3150 et
1085 3087 1168 3146 Cice·-

203 3215 326 3269 ronem‚
354 3196 394 3258 ob
423 3221 476 3274 ea,
502 3221 579 3282 quae
608 3200 659 3261 hic
680 3202 769 3282 gessit
790 3201 820 3259 in
851 3196 1016 3260 consulatu.
1046 3193 1090 3254 Cf.
1119 3213 1166 3274 ep.
1251 3230 1253 3238 ‚

202 3289 368 3364 CXLVIII.
390 3305 471 3366 Alias
492 3327 610 3390 semper
631 3307 691 3368 hoo
713 3327 800 3368 seusu
822 3315 866 3366 est
885 3302 1108 3373 malivolorum,
1134 3309 1169 3358 ut

202 3428 270 3490 epp.
292 3430 356 3492 sup.
377 3409 413 3488 63
434 3411 577 3486 CCXIII,
598 3414 692 3490 med.;
714 3413 882 3484 CCLXXI,
907 3433 931 3487 ¹3
953 3405 1167 3476 CCCLXXII,

205 3523 273 3576 ante
294 3515 372 3576 med.
631 3512 633 3517 ’

158 3621 180 3680 6
205 3620 245 3681 Ut
265 3625 475 3686 auctoritatem
506 3647 605 3690 meam
626 3631 795 3690 amitterem
826 3647 861 3686 ao
889 3623 1088 3707 dignitatem,
1120 3619 1166 3676 ln-

202 3732 401 3790 constantiam
429 3744 482 3794 aut
508 3736 703 3818 cupiditatem
726 3735 859 3816 aliquam
880 3727 1054 3815 prodendo,
1080 3721 1165 3786 ”Ulla

203 3853 250 3894 res
271 3855 319 3895 me
340 3841 484 3916 potuisset
498 3840 653 3916 inducero,
668 3844 806 3924 quamvis
820 3839 902 3900 utilis
916 3833 1076 3896 videretur.
1093 3827 1165 3888 Em.
1255 3829 1261 3835 ’

160 3961 177 4018 7
203 3938 254 3997 Sic
274 3939 411 4002 Fuimus
431 3954 460 4004 et
482 3945 600 4010 Schtitz.
622 3949 713 4031 Vulg.
737 3947 916 4008 sedamen
935 3961 956 4002 α
976 3960 1029 3998 mc.
1055 3936 1166 3998 Tamen
1243 4020 1246 4028 .

202 4043 286 4106 abest
307 4049 459 4112 nonnullis
479 4073 565 4128 mss,
591 4066 621 4116 et
641 4055 806 4120 Lambinus
827 4053 919 4115 etiam
940 4044 1066 4112 delebat
