2882 5002
316 421 361 494 72
660 410 830 464 urrsrout
855 411 956 462 xvru.
1090 409 1120 458 a.
1139 412 1172 462 v.
1193 411 1220 458 c.
1238 411 1288 474 692

313 523 416 596 tilius.
441 520 533 594 Nam
557 517 811 618 neque'adlme
836 514 923 588 mihi
948 512 1032 587 satis
1057 527 1142 588 nota
1163 528 1259 588 sunt:
1277 529 1317 588 et

313 648 413 748 huic,
438 661 549 719 terrae
578 645 669 742 filio,
693 644 812 716 nescio
838 642 914 739 cui,
941 624 1163 716 committere
1185 643 1317 743 episto·

313 773 386 847 lam
410 773 516 845 tantis
543 771 588 845 de
612 769 716 843 rebus
740 795 814 842 non
840 768 962 842 audeo.

238 973 240 978 .
284 957 290 996 2
313 897 316 905 ⁴
364 898 387 972 5
413 899 617 974 Provincias
637 910 814 997 praetores
832 893 990 969 nondum
1006 895 1121 968 sortiti
1139 909 1229 968 sunt
1246 897 1316 968 Res

316 1023 441 1097 eodem
467 1037 520 1096 est
544 1019 633 1123 loci,
657 1048 728 1124 quo
753 1019 931 1124 reliquisti.

363 1151 388 1224 6
413 1153 621 1247 Τοποθεσίαν,
645 1175 751 1250 quam
776 1146 954 1248 postulas,
978 1146 1104 1221 Miseni
1129 1160 1165 1218 et
1184 1145 1317 1220 Puteo-

314 1275 443 1374 lomm‚
471 1274 649 1348 includam
672 1275 824 1348 orationi
840 1299 938 1346 meae
956 1289 998 1344 ²⁷.
1015 1274 1055 1346 Α.
1076 1271 1108 1344 d.
1125 1273 1178 1346 ΠΙ
1193 1273 1318 1348 Nonas

314 1400 498 1474 Decembr.
516 1400 683 1474 mendose
705 1400 809 1474 fuisse
835 1398 1181 1474 anidmadverteram.
1216 1401 1319 1491 Quae
1428 1483 1429 1496 χ

314 1526 436 1600 laudas
454 1527 747 1625 exorationibus,
772 1526 857 1598 mihi
876 1525 996 1624 crede,
1020 1524 1124 1598 valde
1141 1525 1228 1598 mihi
1246 1526 1320 1625 pla-

317 1651 457 1751 cebant3
475 1652 538 1726 sed
555 1678 628 1725 non
646 1650 822 1725 audebam
839 1666 941 1726 antea
960 1651 1083 1724 dicere.
1100 1651 1203 1724 Nunc
1220 1671 1321 1751 vero,

247 1821 251 1828 ·
317 1776 414 1878 quod
436 1783 466 1850 'a
490 1791 525 1850 te
559 1779 710 1878 probata
745 1791 844 1876 sunt,
876 1775 987 1850 multo
1019 1775 1106 1849 mihi
1137 1783 1340 1878 derradzepa·

316 1900 488 1976 videntur.
520 1905 564 1976 Iu
591 1903 688 1978 illam
720 1905 915 1977 orationem
949 1901 1165 1976 Metellinam
1198 1903 1322 1977 addidi
1362 2000 1376 2012 ·

317 2029 498 2128 quaedam.
524 2029 628 2102 Liber
645 2031 676 2082 ²⁸
705 2029 769 2102 tibi
789 2030 964 2127 mittetur-3
984 2031 1151 2130 quoniam
1168 2043 1203 2102 te
1223 2056 1323 2103 amor

190 2211 194 2218 .
316 2154 429 2225 nostri
454 2157 638 2252 φιλορήτσρα
661 2154 825 2229 reddidit.

368 2305 389 2377 7
415 2278 507 2352 Novi
531 2279 595 2351 tihi
621 2281 789 2382 quidnam
812 2277 985 2354 scribam?
1011 2277 1117 2380 quid?
1142 2279 1263 2352 Etiam
1277 2293 1317 2352 ²9.

317 2402 466 2476 Messala
514 2404 637 2477 consul
679 2406 933 2480 Autronianam
974 2407 1004 2456 ³⁰
1044 2403 1194 2477 domum
1237 2406 1322 2478 emit
1428 2387 1429 2440 3

317 2527 402 2599 H-S.
433 2553 646 2603 ccccxxxvii.
682 2531 783 2622 Quid
807 2532 844 2604 id
870 2531 916 2602 ad
948 2553 1021 2628 me,
1053 2529 1210 2630 inquies?
1244 2545 1323 2604 tan·

317 2651 413 2754 tuin,
446 2655 543 2756 quod
568 2683 609 2730 ea
644 2655 825 2756 emptione
857 2667 893 2729 et
925 2679 990 2729 nos
1022 2655 1113 2745 bene
1146 2657 1272 2729 emisse
1291 2659 1321 2760 ³.¹

315 2778 460 2852 iudicati
484 2807 617 2856 sumus:
643 2795 680 2854 et
703 2782 865 2854 homines
890 2779 1083 2880 intelligere
1109 2758 1322 2882 coepemnt‚

315 2901 419 2974 licere
445 2907 636 2979 amicorum
661 2906 890 2980 facultatibus
915 2908 953 2980 in
976 2906 1126 2981 emendo
1143 2907 1191 2981 ad
1208 2909 1323 3008 digni-

316 3040 426 3100 tatem
451 3028 602 3130 aliquam
627 3032 820 3129 pervenire.
939 3069 941 3074 v
1021 3067 1027 3118 3

366 3156 390 3226 8
416 3154 563 3250 Teucris¹
583 3149 793 3229 illa'lentum
809 3159 991 3258 negotium
1018 3173 1088 3258 est⁷
1114 3159 1180 3236 sed
1198 3173 1320 3234 tamen

317 3275 431 3362 estin
456 3305 519 3380 spe
536 3283 576 3354 ³².
603 3283 659 3355 Tu
684 3284 751 3356 ista
769 3282 800 3334 ³³
827 3287 970 3358 confice.
997 3285 1035 3358 A·
1055 3285 1158 3358 nobis
1177 3285 1321 3360 liberio-

317 3411 391 3474 rem
407 3406 592 3505 epistolam
605 3394 776 3509 euspecta.
792 3389 845 3482 VI
862 3410 1012 3486 Kalend.
1032 3411 1147 3510 Febr,
1165 3405 1212 3485 M.
1230 3409 1323 3486 Mes·

317 3527 451 3634 salazet
476 3525 521 3606 M.
548 3529 678 3610 Pisone
704 3534 826 3611 COSS.
