2932 5000
506 423 543 469 ru
572 417 761 469 amaranto
874 367 926 463 s
1058 400 1129 498 393

132 537 151 596 3
172 524 532 610 Quasixmihidonas‘ses.
554 521 709 584 Vidlud.
730 523 812 592 Lat,
833 541 898 582 voc.
918 521 1086 604 Expeusm

131 643 154 716 4
176 639 214 698 Η.
234 657 258 696 e.
280 636 408 694 nimium
428 649 542 712 parvo,
562 640 596 688 ut
616 628 743 710 explicet
762 627 887 710 Malasp.

129 744 150 804 5
172 747 219 804 lta
240 751 319 801 reete
340 735 514 810 Manutius,
540 735 664 816 Melasp.
693 745 723 794 et
751 737 773 794 l.
795 734 847 794 Fr.
869 735 1041 796 Gronovius
1059 757 1127 804 eor-

169 847 324 930 rigebant,
344 841 492 928 probante
511 842 673 913 Ernestio,
705 840 788 922 quod
815 851 845 902 et
871 839 981 904 sohuu
1011 841 1126 904 edebat.

170 956 261 1036 ang.
283 948 460 1023 redduntur.
473 949 564 1031 ·quod
584 955 689 1008 natum
710 959 785 1029 puto
804 968 840 1009 ex
861 961 926 1030 sup.
946 946 1038 1008 reddi.

131 1061 305 1145 GSupple,
325 1063 417 1120 iturus
435 1059 502 1118 est'?
570 1071 573 1078 '
601 1091 604 1100 .

131 1193 148 1250 7
173 1169 346 1230 Gronovius
367 1165 579 1247 corrigendum
608 1166 722 1224 censuit
742 1163 855 1244 Scepsii
872 1160 1049 1233 conditione,
1069 1159 1128 1222 hoe

171 1285 230 1346 est,
249 1284 285 1334 ut
305 1276 337 1334 in
357 1295 392 1333 ee
411 1273 560 1355 legatione
580 1274 705 1354 periret,
727 1282 761 1330 ut
780 1270 971 1333 Metrodorus
990 1269 1129 1352 Scepsius

170 1401 189 1440 a
209 1379 382 1442 Mithridate
404 1379 442 1440 ad
463 1377 627 1460 Tigranem
647 1381 768 1449 missus,
794 1377 832 1438 de
846 1397 907 1458 quo
923 1377 1002 1436 Plut
1024 1378 1056 1436 in
1068 1377 1129 1434 Lu-

172 1486 269 1558 culto,
283 1507 308 1548 c.
323 1507 369 1546 22.
390 1487 449 1546 Nos
471 1488 540 1566 quia
562 1485 635 1546 alies
655 1487 745 1546 etiam
766 1483 1049 1550 correctioneshuic
1061 1481 1129 1542 loeo

172 1594 265 1654 factas
286 1613 349 1654 esse
370 1592 526 1664 videmus,
546 1604 580 1652 ut
600 1613 619 1652 a
638 1592 728 1652 Bosio
750 1590 890 1673 Syspirae
910 1587 1089 1659 conditione,
1110 1609 1130 1646 a

172 1701 262 1760 lunio
281 1700 394 1780 sirpeae
414 1721 454 1774 o,
485 1721 503 1758 a
532 1697 676 1760 Turneho
702 1701 795 1780 sirpe,
828 1697 876 1760 vel
906 1697 1012 1777 Syn'oe
1037 1717 1083 1766 o,
1110 1715 1130 1752 a

170 1805 278 1868 Lamb.
303 1805 415 1887 Cypria
433 1829 473 1877 c..
494 1827 512 1866 a
533 1805 668 1866 Corrado
691 1803 808 1884 Oyrnea
822 1813 866 1874 'e.‚
880 1801 919 1862 ab
933 1803 1045 1862 Vrsino
1064 1811 1130 1860 tan-

171 1912 242 1974 dem
264 1913 321 1993 legi
342 1915 373 1972 in
394 1911 488 1972 altero
509 1933 543 1973 ex
564 1914 627 1972 eius
647 1923 717 1972 mss.
742 1912 813 1970 sez're
839 1907 1035 1979 conditiones,
1058 1907 1129 1966 nul-

173 2021 235 2080 lam
256 2039 291 2079 ex
312 2021 348 2078 iis
367 2019 585 2102 adoptavimus.
613 2018 786 2078 Extremam
814 2029 915 2078 tamen
935 2015 1130 2098 praetulerim

172 2147 244 2186 eum
265 2126 426 2208 Hervagio.
498 2161 504 2172 .

133 2231 155 2295 8
177 2232 224 2292 Sc.
246 2232 310 2304 illi,
329 2254 391 2294 non
410 2235 480 2294 milu‘
498 2232 576 2293 hane
596 2232 778 2312 legationem
798 2231 837 2290 ad
864 2233 1027 2311 Tigranem
1047 2249 1130 2288 man·
1179 2215 1182 2222 ²

172 2337 247 2398 dari.
270 2339 390 2399 Seleiitz.
851 2311 866 2356 ⁰

129 2466 152 2527 9
173 2446 278 2522 Quum
299 2445 358 2506 scil
381 2445 502 2506 Clodius
516 2445 654 2506 abfuerit.
678 2443 889 2516 consedeat·
881 2465 914 2503 ιιι
932 2445 994 2503 otio
1016 2441 1055 2501 ab
1075 2441 1130 2501 ad-

173 2553 392 2612 ministratione
412 2552 508 2612 Asiae.
528 2549 597 2624 Vid.
619 2572 673 2632 ep.
686 2572 751 2632 sup.
772 2557 788 2624 5
813 2570 843 2608 ιι
868 2559 939 2612 extr

135 2657 227 2716 roP.
250 2656 388 2733 Clodius3
408 2657 467 2718 vid.
488 2657 527 2717 ad
548 2679 595 2739 ep.
588 2658 701 2729 ..xvl
718 2652 1061 2734 d.Gu1usmodrfutuuu
1079 2655 1130 2723 sit,

174 2762 255 2834 scil,
287 2763 359 2843 quid
381 2774 501 2823 aeturus
523 2766 560 2823 sit
580 2773 685 2822 eontra
711 2780 768 2822 me:
799 2763 880 2822 Tum
904 2762 1029 2820 seumus
1049 2769 1130 2820 este

173 2870 348 2929 coniectura
366 2869 514 2941 Ernestii'‚
545 2872 683 2951 proxime
705 2869 743 2928 ad
763 2867 808 2928 ed.
830 2868 918 2928 Rom.
940 2887 1018 2948 quae
1037 2863 1132 2925 habet

173 2976 288 3039 norietur.
309 2975 358 3035 Ed
380 2976 476 3046 leus,
504 2997 596 3056 quam
623 2976 684 3038 fere
709 2995 813 3035 omnes
838 2976 931 3036 secuti
955 2983 1042 3044 sunt,
1066 2971 1134 3032 scia

170 3083 271 3162 possit.

135 3207 167 3246 ιι
192 3186 285 3262 Quod
305 3185 355 3246 hic
376 3187 486 3248 scilicet
507 3192 627 3248 se'eum
649 3185 775 3247 Caesare
789 3196 819 3246 et
841 3186 988 3268 Pompeio
1009 3187 1132 3246 coniun-
1192 3239 1196 3250 .

174 3295 259 3352 xerit.
282 3291 372 3373 Quod
390 3313 410 3352 a
429 3313 475 3352 me
495 3294 554 3375 ipre
582 3314 640 3353 non
671 3292 855 3368 detriverim,
878 3271 960 3374 quod
979 3292 1018 3354 de
1038 3294 1132 3353 veteri

174 3418 244 3457 meo
277 3397 479 3459 defendendae
511 3401 553 3460 rei
575 3398 659 3480 publ.
682 3381 772 3460 durau
792 3421 854 3460 non
883 3397 1070 3470 deflexerim,
1098 3407 1134 3456 nt

145 3552 148 3564 ,
174 3505 303 3587 explieat
323 3505 485 3566 Manutius.
507 3505 618 3566 Schiitz
639 3509 702 3588 ipso
722 3528 779 3590 pro
800 3507 880 3586 vulg.
901 3508 963 3586 ipse
983 3503 1072 3564 dedit.

136 3633 170 3671 12
192 3609 241 3671 Ab
261 3611 327 3672 edd.
348 3622 418 3672 vett.
440 3612 524 3674 abest
542 3613 672 3696 aliquod.
705 3615 751 3673 De
784 3635 817 3674 re
843 3612 903 3673 vid.
924 3634 970 3694 ep.
992 3608 1132 3680 XXXII,

172 3721 212 3777 in.
233 3717 489 3798 Peregrinationis,
509 3721 540 3781 id
560 3732 619 3794 est,
640 3721 834 3784 rusticationis
855 3722 885 3784 iu
906 3718 991 3782 villas
1012 3735 1086 3776 suas.

138 3825 173 3883 13
194 3824 290 3905 Epist.
312 3845 373 3906 seq.
395 3845 422 3884 2.

123 3913 174 4007 '14
194 3930 328 3994 Martias.
350 3931 466 3994 delinita.
