2924 5002
406 457 410 466 ·
511 455 548 502 sn
574 449 764 502 rrrsroms
1064 429 1135 504 353

170 549 312 634 placebat
335 549 417 632 Quid
435 552 548 612 multa?
571 553 720 614 Clamores
743 551 861 631 (enaim
883 551 1039 614 haereret

171 659 282 718 sonitus
302 658 431 738 nostros)
456 660 530 718 ronti
538 657 678 740 suerunt3
698 659 784 739 quasi
805 655 898 730 verba
914 659 997 718 inter
1026 659 1137 722 clanso-

171 785 217 824 rer
236 775 267 825 et
286 766 362 824 ronti
380 767 555 838 interiecta,
575 785 630 846 per
650 773 811 848 eapientem
833 763 912 824 dicta
932 764 1053 826 luerint.
1076 767 1136 828 Sed

169 869 351 932 oratiohoc
373 870 465 931 modo
488 871 618 953 languet.
738 891 740 898 ’
996 947 998 952 Ι

130 997 169 1036 22
191 977 263 1038 Var.
285 977 353 1038 Ald.
378 978 473 1038 ullane
494 999 584 1060 usqae
611 977 692 1048 hinc,
719 977 801 1058 quod
823 999 840 1036 a
860 979 1016 1038 notatione
1036 977 1135 1039 Mala·

173 1086 278 1166 spinae
298 1082 471 1165 profectum
492 1093 579 1164 puto.

132 1190 172 1248 23
194 1187 271 1250 Edd.
292 1189 403 1251 Minut.
425 1189 516 1250 Herv.
537 1190 701 1270 rogationis.

134 1296 175 1373 24
196 1294 313 1356 Barbae
339 1295 446 1356 florem
475 1294 620 1356 habentes
647 1298 678 1356 in
704 1305 837 1356 extrema
863 1306 950 1378 parte
979 1299 1136 1378 utriusque

173 1422 267 1484 genae
287 1421 384 1484 prope
405 1422 509 1473 aures,
531 1402 624 1483 vulgo
642 1403 736 1484 pinzi,
756 1401 850 1462 Gallis
870 1402 1070 1463 echonu‘llom.
1092 1403 1138 1462 lta

172 1507 253 1568 hanc
268 1527 374 1569 vocem
395 1507 539 1590 explanat
559 1509 603 1570 Cl.
615 1509 652 1568 D.
674 1506 825 1570 Labusius
845 1510 875 1568 iu
896 1509 1001 1571 Diario
1021 1507 1137 1569 Medio-

172 1614 288 1675 lanensi
310 1613 350 1675 26
368 1614 479 1696 Luglio
505 1612 596 1697 1819,
617 1615 791 1697 Appendiee
812 1613 930 1676 CCVII.
1036 1615 1039 1630 ”

134 1720 176 1782 25
196 1721 270 1783 Var.
291 1719 358 1781 Ald.
370 1720 453 1801 filio.
474 1719 615 1782 Filiolam
636 1722 757 1781 vocavit
785 1741 871 1790 eum,
904 1722 956 1802 qui
977 1719 1017 1782 ab
1041 1721 1136 1780 Anto·

171 1829 224 1889 nio
244 1825 405 1888 muliebria
424 1826 614 1910 patiebatur3
637 1829 672 1890 ef.
694 1827 773 1888 Phil.
796 1829 841 1900 11,
862 1827 912 1904 183
932 1827 1004 1890 Plut
1024 1829 1056 1888 in
1068 1831 1136 1892 Ant.

171 1955 202 2016 p.
222 1932 300 2016 916,
319 1944 349 1994 et
368 1932 445 1996 Vell.
466 1933 583 1994 Patere.
605 1935 647 2006 ll,
669 1933 718 2010 48.

132 2038 173 2100 26
194 2039 264 2100 Scil.
286 2042 479 2122 rogationem.
500 2040 572 2102 Mox
596 2053 701 2123 pontes
714 2053 911 2122 occuparant,
933 2051 967 2100 ut
988 2039 1049 2102 scil.
1072 2060 1135 2100 rem

173 2145 389 2208 disturbarent.

135 2273 173 2333 ²7
196 2252 275 2312 Edd.
296 2253 372 2314 lens.
393 2255 501 2315 Minut.
525 2255 592 2316 Ald.
612 2265 642 2317 et
663 2255 793 2336 Hervag.
814 2256 889 2318 nulli
906 2253 1033 2316 daretur.

135 2358 175 2421 28
195 2358 266 2421 Vid.
288 2360 352 2421 lad.
373 2363 438 2422 Lat.
460 2383 526 2423 voc.
552 2363 689 2424 Tabellm

135 2485 176 2550 ²9
195 2467 312 2528 Durior
343 2478 388 2529 est
417 2471 539 2531 omissio
570 2441 801 2552 praepositionis¹
828 2469 878 2540 ad,
910 2467 961 2530 sed
991 2487 1054 2527 non
1078 2467 1140 2526 sine

175 2573 329 2656 exemplo,
351 2575 456 2636 saltem
477 2567 565 2658 apud
581 2577 727 2637 Caminos.
756 2575 828 2652 Em.
850 2575 896 2634 Ad
917 2575 1026 2634 Rostra
1046 2571 1140 2632 advo-

176 2679 241 2739 lant
261 2680 302 2739 M.
325 2681 417 2753 Cato,
437 2681 631 2754 Hortensius,
651 2693 681 2743 et
701 2675 790 2742 multi
814 2689 970 2765 praeterea
990 2677 1077 2756 boni3
1097 2679 1141 2740 ni·
1264 2691 1268 2696 “

174 2787 288 2845 mirum
310 2787 341 2846 in
362 2791 537 2850 concionem
558 2787 699 2871 producti
721 2809 739 2848 a
759 2785 994 2868 magistratibus.

137 2893 176 2954 30
198 2893 278 2952 Alias
299 2915 418 2976 semper
435 2895 633 2978 optimatium,
654 2905 689 2954 ut
706 2893 771 2954 cod.
786 2894 856 2956 Vat.
870 2892 907 2952 de
928 2892 973 2951 Re
993 2889 1092 2973 publ..
1113 2901 1144 2950 et

178 2996 268 3058 Amb.
293 2998 345 3072 16,
365 3001 438 3061 Var.
461 3001 528 3061 Ald.
548 3013 579 3062 et
598 3001 765 3062 Lambinus
779 2998 830 3059 hie
843 3002 935 3059 etiam
949 2997 1008 3057 loci
1021 2995 1142 3058 habent.

139 3106 173 3163 31
199 3105 347 3166 Graevius
361 3107 495 3168 defendit
507 3105 696 3183 dirimentem
709 3129 772 3168 non
785 3108 864 3166 enim
876 3102 994 3186 placide
1005 3103 1144 3190 dimissa,

180 3210 233 3270 sed
254 3214 284 3271 vi
306 3234 324 3272 a
345 3212 496 3275 Clodianis
517 3214 661 3297 operibus
680 3214 761 3274 facta
780 3212 931 3293 dirempta
950 3210 1082 3270 fuerunt.

138 3319 177 3376 32
198 3315 303 3390 Patri,
324 3321 375 3399 qui
397 3321 428 3379 in
448 3331 554 3382 senatu
575 3320 677 3381 adesse
692 3330 827 3403 poterat,
846 3337 909 3378 non
923 3316 997 3377 filio.
1020 3312 1145 3376 Nullum

176 3422 235 3484 SC.
248 3423 387 3505 facienti,
408 3426 484 3500 scil,
504 3437 539 3489 ul
553 3428 693 3510 explanat
707 3426 851 3498 Casaub.‚
872 3425 1004 3507 petenti,
1018 3434 1052 3483 ut
1074 3421 1142 3482 nul-

177 3529 242 3589 lum
263 3529 376 3591 SCtum
397 3529 497 3606 lier'et,
518 3545 570 3594 aut
591 3534 703 3596 factum
724 3533 890 3594 tolleretur.

138 3637 176 3696 33
198 3634 266 3696 Hoc
286 3636 371 3698 abest
391 3637 430 3699 ab
452 3639 538 3700 emh.
565 3639 614 3717 163
636 3640 702 3702 edd.
722 3639 807 3714 Aldi,
829 3639 920 3700 Herv.
936 3634 1144 3716 Lamb.socile

176 3762 219 3803 ex
238 3761 267 3802 a.
285 3766 317 3824 p.
342 3743 449 3805 CCCC
466 3745 624 3829 assuerunt.

140 3847 179 3922 34
199 3847 329 3909 Factum
351 3859 395 3910 est
414 3849 577 3914 decretum.
601 3853 725 3915 Corrod.

140 3951 180 4013 35
200 3952 288 4014 Amb.
315 3953 350 4014 16
376 3967 405 4016 el
431 3958 476 4020 ed.
502 3959 590 4020 Rom.
617 3961 726 4022 Fusius
748 3960 861 4022 tertium
880 3952 1030 4025 concessit,
1059 3949 1143 4034 quod

187 4074 300 4141 C1err.
322 4077 369 4140 11.
389 4115 429 4128 -
450 4082 527 4147 Late.
553 4085 587 4145 T.
610 4083 637 4145 I.
986 4081 1025 4142 23
1126 4161 1129 4172 .
