2834 5012
346 426 394 516 48
707 441 877 492 arrarum
902 447 973 492 xiv.
1126 443 1201 493 tv.
1221 447 1247 492 c.
1265 445 1304 508 691

344 573 461 620 meum
490 549 528 618 in
559 560 594 618 te
626 544 814 616 obscurum
846 571 920 618 esse
953 571 1025 618 non
1058 547 1178 644 possit.
1209 548 1327 620 Postea

283 663 288 676 ’
346 698 445 770 vero,
471 697 575 773 quam
599 670 776 771 proiectus
801 695 838 742 es
850 726 859 768 ,
884 669 991 742 velim
1016 659 1214 769 recordere,
1247 697 1325 772 quae
1402 751 1403 754 Ἴ

345 824 409 896 ego
436 797 480 869 de
505 811 539 868 te
564 797 601 867 in
627 808 749 868 senatu
770 797 916 893 egerim,
941 821 1030 896 quae
1055 796 1091 866 in
1109 797 1327 870 concionibus

346 923 506 1022 dixerim3
533 949 617 1024 quas
644 919 689 992 ad
717 934 752 993 te
775 920 892 993 literas
918 921 1079 992 miserim.
1106 919 1205 1013 Quae
1230 947 1330 1023 quum

344 1051 462 1124 omnia
479 1048 672 1150 collegeris,
696 1061 735 1120 tu
758 1046 834 1145 ipse
853 1061 882 1096 ¹²
910 1045 1015 1120 velim
1034 1043 1183 1145 iudices,
1208 1049 1329 1119 satisne

343 1175 502 1248 videatur
527 1174 580 1246 his
605 1173 766 1248 omnibus
791 1171 893 1246 rebus
919 1150 1207 1272 tuus'adventus,
1224 1199 1325 1276 quum
1392 1177 1393 1182 ’

342 1301 500 1398 proxime
525 1302 672 1372 Romam
696 1299 838 1396 venisti,
862 1311 985 1370 mutuo
1004 1299 1041 1390 ¹³,
1055 1296 1290 1396 respondisse.

394 1425 549 1516 3Quod
574 1425 694 1497 scribis
720 1423 764 1496 de
795 1423 1016 1496 reconciliata
1050 1437 1170 1496 nostra
1204 1425 1328 1522 gratia,
1402 1491 1403 1516 ,

343 1577 416 1624 non
441 1549 612 1650 intelligo,
638 1577 699 1623 cnr
725 1549 984 1624 reconciliatam
1008 1575 1082 1622 esse
1106 1549 1217 1649 dicas,
1244 1573 1326 1651 quae
1402 1547 1403 1556 ’

342 1701 532 1778 numquam
556 1671 739 1748 immutata
758 1675 788 1740 ¹4
814 1688 875 1748 est.
949 1703 958 1710 ·

391 1805 414 1896 4
441 1801 549 1892 Quod
573 1802 695 1875 scribis
702 1859 712 1901 ,
736 1825 811 1874 non
831 1801 1032 1900 oportuisse
1058 1799 1234 1873 Metellum
1269 1799 1328 1872 fra·

278 2003 280 2022 ,
341 1917 428 2000 trem
448 1942 564 2026 tuum,
589 1925 634 1998 ob
652 1927 802 2028 dictum,
821 1955 840 1999 a
856 1949 913 1999 me
931 1927 1142 2026 oppugnari:
1168 1927 1332 2026 primum,
1402 1947 1403 1974 ³

233 2131 235 2135 ,
339 2051 408 2126 hoc
433 2052 539 2127 velim
565 2053 758 2152 existimes,
791 2053 944 2124 animum
976 2050 1062 2124 mihi
1094 2051 1200 2123 istum
1234 2065 1329 2123 tuum
1402 2141 1403 2146 ἵ

340 2178 564 2251 vehementer
588 2178 746 2278 probari,
772 2191 807 2250 et
831 2173 1018 2250 fraternam
1043 2175 1183 2276 plenam
1208 2175 1325 2247 huma·
1402 2191 1403 2216 ³

339 2303 457 2376 nitatis
484 2329 524 2376 ac
549 2291 688 2402 pietatis
705 2303 938 2376 voluntatem:
966 2302 1109 2400 deiude,
1134 2303 1163 2374 si
1181 2328 1251 2402 qua
1270 2325 1328 2398 ego
1402 2357 1403 2394 ,

338 2429 375 2499 in
401 2455 437 2500 re
462 2428 560 2500 fratri
591 2442 670 2532 tuo,
702 2431 751 2501 rei
784 2428 944 2528 publicae
976 2455 1096 2526 eausa,
1128 2428 1330 2522 restiterim,

338 2568 379 2625 ut
408 2555 494 2625 mihi
526 2555 685 2653 ignoscas
704 2556 750 2653 1⁵,
775 2567 848 2628 tam
880 2555 973 2626 enim
1004 2581 1081 2626 sum
1114 2553 1246 2625 amicus
1285 2550 1330 2624 rei

336 2677 511 2780 publicae,
536 2707 640 2782 quam
666 2682 725 2782 qui
750 2681 918 2778 maxime,
942 2680 971 2752 si
995 2705 1079 2753 vero
1104 2703 1220 2750 meam
1237 2677 1327 2750 salu-

338 2816 410 2876 tem
436 2819 557 2878 contra
581 2806 672 2879 illius
704 2807 874 2906 impetum
899 2806 937 2876 in
969 2831 1026 2875 me
1055 2803 1331 2876 crudelissimum

341 2927 572 3027 defenderim,
597 2933 679 3002 satis
704 2929 846 3030 habeas,
872 2927 959 3002 nihil
975 2956 1030 3002 me
1048 2931 1152 3000 etiam
1169 2942 1288 3001 tecum
1303 2928 1330 2974 ¹⁶

339 3050 382 3122 de
408 3055 458 3124 tui
483 3053 597 3127 fratris
621 3056 745 3128 iniuria
775 3057 949 3156 conqueri.
983 3057 1099 3147 Quem
1124 3079 1189 3152 ego
1223 3079 1330 3155 quum

338 3179 600 3277 comperissem,
633 3206 773 3254 omnem
798 3182 852 3253 sui
883 3181 1077 3253 tribunatus
1103 3194 1271 3252 conatum
1296 3179 1333 3248 in

336 3327 450 3373 meam
475 3306 663 3402 penaiciem
689 3331 811 3406 parare
835 3319 939 3406 atque
964 3305 1139 3378 meditari:
1165 3307 1222 3404 egi
1251 3330 1331 3378 cum
1402 3375 1403 3378 ,

337 3424 481 3499 Claudia
501 3445 541 3528 ¹7,
565 3456 672 3503 uxore
700 3446 778 3529 tua,
798 3444 832 3502 et
858 3458 938 3503 cum
963 3445 1078 3502 vestra
1104 3455 1224 3502 sorore
1255 3431 1331 3502 Mu-

336 3550 402 3648 cia,
428 3554 524 3628 cuius
549 3582 629 3653 erga
647 3583 703 3629 me
725 3555 892 3654 studium,
917 3581 983 3655 pro
1009 3557 1071 3628 Cn.
1090 3555 1251 3654 Pompeii
1272 3579 1331 3625 ne-
1402 3641 1403 3644 Ἴ

336 3677 560 3778 cessitudine,
584 3681 703 3754 multis
728 3684 766 3756 iu
780 3682 884 3755 rebus
903 3706 1164 3782 perspexeram,
1189 3695 1229 3751 ut
1247 3705 1330 3753 eum

334 3800 378 3872 ab
409 3800 466 3876 illa
498 3805 622 3878 iniuria
657 3807 878 3881 deterrerent.
913 3807 1028 3906 Atque
1061 3804 1132 3903 ille,
1165 3805 1261 3906 quod
1295 3820 1331 3876 te

334 3925 469 4000 audisse
496 3945 591 4004 certo
617 3936 688 4006 scio
709 3937 748 4032 ¹⁸,
775 3931 887 4034 pridie
899 3931 976 4005 Kal.
995 3933 1129 4004 Ianuar.
1156 3959 1224 4034 qua
1242 3933 1331 4004 iniu-
