2932 5000
464 443 468 470 ,J
534 417 571 465 ru
597 411 786 466 arrsronss
1088 392 1158 494 377

159 522 200 586 28
223 515 452 604 Quodmrmaodo
463 518 553 580 sensit
564 519 624 578 iam
635 515 791 578 Ernestius
802 533 866 576 esse
877 513 1005 598 glossam
1015 529 1064 582 τοῦ
1080 518 1166 578 molli

201 627 331 689 brachio.

161 757 202 818 ²9
221 734 301 796 Vict
320 732 501 815 praevisum,
522 750 599 811 quae
619 727 682 790 duo
702 727 873 812 saepissime
894 730 925 788 in
946 749 1014 817 mss.
1036 731 1114 792 inter
1135 751 1166 792 se

202 819 436 902 commutantur.
449 836 517 898 Hoc
528 835 584 896 sihi
594 835 659 896 vult
670 832 853 907 antevidere,
864 833 938 897 illud
949 837 1040 896 etiam
1052 839 1168 898 ratione

201 958 232 1008 et
256 946 381 1007 consilio
403 963 577 1018 occurrere;
598 963 633 1002 ac
653 940 781 1024 proinde
804 941 968 1022 aliquando
994 943 1083 1002 etiam
1109 963 1167 1024 pro

202 1053 396 1113 conculcaret
409 1070 512 1110 cavere
526 1051 658 1131 ponitur.
681 1048 749 1108 Hoc
762 1047 853 1110 semel
864 1050 1015 1108 monuisse
1029 1047 1168 1110 sufficiat.

161 1161 202 1220 30
223 1157 310 1230 Hoc,
337 1155 418 1240 quod
444 1155 601 1216 Emestius
630 1156 797 1237 suspicatus
829 1165 912 1226 crat,
939 1156 1110 1216 invenimus
1136 1155 1168 1214 in
1276 1213 1279 1224 ,

200 1263 289 1324 Amb.
315 1286 366 1346 17,
393 1263 486 1344 idque
513 1260 679 1322 Lambinus
700 1260 801 1322 hahet
823 1260 927 1342 Vulgo
956 1282 1026 1322 num
1052 1272 1168 1322 tantum

203 1372 314 1432 obsum.
337 1368 449 1430 Schiitz
469 1390 498 1430 n.
520 1367 639 1430 medem
658 1389 685 1428 ο.

161 1478 199 1538 31
225 1475 401 1560 Equitatum
426 1474 500 1537 dicit
526 1473 701 1536 insolentius
728 1473 864 1535 ordinem
892 1481 1081 1555 equestrem,
1101 1476 1168 1557 opi-

200 1603 277 1656 nor,
296 1585 368 1664 quia
382 1581 420 1644 de
433 1584 570 1664 equitum
585 1601 678 1664 opera
691 1581 816 1642 militari
831 1578 886 1640 sibi
901 1593 1011 1642 navata
1024 1580 1167 1662 loquitur.

200 1690 274 1751 Em.
294 1689 334 1749 Ιη
354 1689 426 1750 clivo
450 1687 633 1771 Capitolino,
652 1689 685 1748 in
706 1687 780 1750 aede
795 1687 982 1748 Concordiae
996 1686 1034 1747 ad
1053 1686 1169 1748 radices

200 1797 382 1877 assurgentis
409 1793 567 1878 Capitolii,
595 1797 707 1877 quain
728 1794 802 1856 aede
824 1793 937 1856 Consul
959 1791 1064 1854 Cicero
1084 1813 1169 1854 sena-

201 1913 268 1964 tum
289 1901 456 1974 consuluit,
478 1901 552 1983 quid
574 1900 612 1962 de
637 1903 801 1964 coniuratis
823 1899 1018 1985 deprehensis
1038 1907 1170 1960 statuen-

201 2009 275 2070 dum
298 2008 469 2084 videretur3
490 2029 586 2089 quum
607 2009 698 2070 etiam
719 2011 835 2090 equites
849 2027 990 2069 romanos
1012 2003 1168 2066 adhibuis-

201 2127 261 2188 set,
282 2114 366 2197 quod
379 2117 500 2176 initium
513 2115 572 2176 fuit
585 2116 648 2176 eius
662 2115 856 2186 concordiae,
870 2135 948 2196 quae
962 2116 1040 2174 inter
1053 2114 1169 2195 equites

201 2233 232 2282 et
246 2231 383 2282 senatum
397 2232 442 2282 est
455 2231 624 2282 consecuta.
651 2221 694 2281 Te
706 2222 839 2302 sigrq'sero
852 2242 889 2281 ac
905 2221 1052 2302 principe,
1073 2239 1168 2300 quum
1196 2275 1199 2280 .

201 2338 231 2388 te
246 2347 368 2417 quoque
382 2329 528 2408 equestris
542 2327 655 2389 ordinis
675 2328 844 2410 prinprem
865 2325 904 2386 ad
925 2347 993 2387 eam
1015 2323 1169 2386 consulta-

206 2435 319 2494 tionem
340 2431 477 2494 adhibui.
498 2431 559 2500 Sed
579 2435 711 2514 persistit
732 2432 838 2494 Cicero
858 2433 890 2493 in
910 2431 1105 2493 translatione
1124 2432 1169 2490 rei

201 2539 357 2610 militaris,
377 2548 408 2599 et
429 2540 501 2620 quia
522 2537 637 2602 dixerat
656 2537 816 2622 equitatus,
836 2535 886 2598 hic
912 2537 1013 2597 intulit
1033 2549 1061 2596 tc
1081 2534 1169 2614 signi-

192 2644 274 2728 fero.
295 2645 411 2706 Manut.
425 2642 609 2720 Desertam,
630 2629 692 2706 scil.
705 2644 858 2706 diiunctus
872 2642 911 2704 ab
925 2664 962 2704 eo
975 2627 1101 2726 propter
1113 2661 1168 2702 ne-

204 2761 307 2832 gatam
329 2749 385 2810 sibi
411 2751 618 2811 remissionem
638 2750 795 2812 locationis
816 2749 1029 2832 vectigalium,
1050 2747 1088 2809 de
1108 2769 1169 2832 qua
1243 2765 1244 2780 ¹

202 2878 251 2940 ep.
270 2857 393 2929 XXIII,
412 2855 449 2931 8,
467 2867 498 2917 et
509 2856 618 2930 XXII,
640 2857 796 2919 3dixerat.
818 2857 892 2918 Em.
914 2856 1084 2939 Pn'ncipes,
1104 2856 1168 2916 Lu-

205 2963 303 3024 cullus
323 2972 353 3024 el
374 2963 566 3039 Hortensius3
587 2985 656 3046 epp.
677 2964 794 3040 XXIV,
817 2962 852 3037 6,
873 2975 904 3026 et
923 2964 1028 3036 XXV,
1048 2963 1078 3040 4.

161 3072 202 3132 32
224 3070 294 3132 scil.
315 3072 454 3131 vocatia
481 3069 606 3132 domiuo
633 3069 792 3144 adnatent,
819 3091 945 3132 manum
972 3068 1126 3142 lambant,
1153 3090 1169 3128 e

201 3155 295 3237 manu
315 3176 425 3249 edant,
444 3187 516 3249 etc,
536 3176 743 3238 ut·Martialis
769 3176 864 3238 habet
884 3178 946 3252 IV,
967 3177 1021 3253 303
1051 3171 1082 3238 dt
1109 3176 1168 3236 alii.

203 3283 277 3344 Em.
298 3283 392 3362 Quod
412 3287 548 3364 sequitur
568 3283 683 3344 alia—
697 3284 858 3364 negligant,
878 3295 923 3344 est
943 3305 961 3344 a
980 3282 1126 3366 Malasp.,
1139 3293 1169 3342 et

202 3387 308 3449 Bosius
329 3391 361 3449 in
382 3389 470 3450 scidis
491 3392 609 3471 reperit.
630 3389 716 3452 Libri
744 3392 825 3452 e'nim
853 3399 997 3473 corrupte
1016 3391 1071 3450 alii
1088 3423 1128 3436 -
1142 3409 1170 3448 n.

161 3493 202 3554 33
224 3495 266 3556 Vt
295 3494 418 3568 Caesar,
449 3495 630 3577 Pompeius,
651 3506 707 3558 etc.
728 3496 816 3558 Amh.
843 3518 894 3578 17:
917 3498 1001 3562 athi
1026 3495 1119 3556 nolint
1143 3514 1170 3555 o.

161 3602 204 3680 34
224 3603 327 3680 Quam
348 3601 410 3662 scil.
437 3599 522 3662 finxit
547 3602 652 3688 Plat03
678 3605 710 3663 in
738 3625 799 3686 qua
830 3615 884 3665 aut
908 3601 1083 3688 philosophi
1113 3603 1171 3660 im-
1279 3639 1281 3644 .

203 3718 364 3792 pemrent,
381 3718 445 3769 aut
477 3709 657 3791 imperantes
683 3707 982 3794 philosopharentur.
1015 3709 1089 3770 Eius
1115 3705 1171 3766 ali-

203 3814 325 3895 qualem
346 3814 476 3874 sormam
495 3813 555 3875 vid.
576 3814 615 3875 ad
636 3835 683 3897 ep.
704 3815 828 3890 XXIX,
849 3823 865 3892 5
885 3818 924 3876 X.

161 3917 205 3981 35
226 3918 446 4003 Compendiose
465 3920 588 3982 Decurt.
609 3919 690 3982 Bosii
710 3920 810 4004 Equit.
841 3922 958 3984 Bellum
986 3923 1100 4005 equites
1127 3941 1172 3982 se·

205 4029 289 4088 uetari
310 4025 490 4090 indixerunt.
512 4025 578 4108 Ego
597 4024 732 4102 dasem,
753 4028 812 4091 vid.
835 4025 940 4110 adep.
962 4028 1069 4101 XXII,
1090 4028 1117 4088 3.
