2834 5012
479 429 726 483 mrsouvcrro
1059 435 1106 484 xv

97 535 203 622 aliud
234 537 368 648 loqui,
398 549 437 614 et
468 533 645 646 togulam
675 561 788 614 suam
823 537 973 644 pictam
995 534 1108 615 silen-

102 693 154 771 tio
185 688 318 786 tueri,
356 710 485 796 quum
510 685 609 764 >eius
638 711 759 794 opera
788 711 850 772 res
880 681 991 794 publ.
1021 711 1107 762 ma-

102 843 206 922 xime
220 833 429 948 indigeret,
442 835 755 946 piscinariosque
777 835 985 945 optimates
1005 833 1108 914 mul·

101 990 141 1070 lis
164 988 271 1086 suiS,
292 985 364 1096 qui
386 980 437 1064 ad
457 1009 624 1064 manum
648 981 899 1081 accederent,
918 984 1106 1093 cenisque

104 1140 265 1250 opipare
296 1132 442 1245 paratis
470 1130 679 1213 delectari:
716 1131 783 1214 hic
813 1131 974 1213 tandem
1002 1134 1107 1212 inter

105 1290 330 1384 Caesarem,
351 1283 594 1394 Pompeium
615 1297 655 1363 et
674 1284 735 1366 M.
755 1283 945 1364 Crassum
964 1283 1104 1362 initam

103 1438 301 1547 potentiae
321 1433 547 1514 societatem
568 1429 679 1531 urbi,
701 1446 821 1542 atque
841 1431 1009 1543 imperio
1026 1432 1106 1511 exi·

104 1585 288 1670 tiabilem.
444 1577 449 1590 ’

153 1733 289 1847 Quid,
310 1731 422 1845 quod
444 1735 657 1845 praecipua
669 1729 828 1842 ,harum
846 1731 1103 1843 epistolarum

102 1882 393 1966 commendatio
422 1886 465 1963 in
494 1912 541 1965 eo
571 1897 650 1984 est,
692 1881 803 1994 quod
836 1882 1105 1962 narrationem

103 2061 237 2113 rerum
265 2045 466 2145 gestarum
505 2035 697 2144 quinque·
727 2047 767 2113 et
803 2033 946 2144 viginti
975 2055 1105 2110 anno-

101 2209 189 2262 rum
232 2182 562 2293 complectuntur
601 2184 766 2265 maximi
808 2182 1029 2280 momenti,
1065 2194 1104 2260 ct

103 2332 199 2412 vitae
241 2358 493 2442 operumque
535 2334 708 2414 auctoris
751 2330 970 2414 historiam.
1016 2329 1104 2412 Ne·

104 2509 177 2588 que
220 2477 265 2560 id
304 2481 458 2578 solum,
502 2480 569 2562 sed
612 2485 807 2596 originem
843 2481 935 2563 belli
977 2480 1105 2564 civilis

101 2627 356 2743 Pompeiani,
385 2646 426 2712 et
453 2657 591 2713 causas
623 2636 829 2744 aperiunt,
867 2628 1015 2741 quibus
1044 2657 1105 2708 ce·

105 2773 329 2860 leberrimae
371 2782 427 2859 rei
470 2777 582 2892 publ.
627 2780 735 2862 orbis
770 2795 991 2863 'conversus
1028 2791 1104 2876 est,

107 2953 306 3038 excoque
335 2931 458 3010 unius
488 2934 638 3013 exstitit
667 2930 897 3012 dominatio.
927 2929 969 3009 Si
998 2930 1105 3008 enim

107 3070 238 3157 decem
281 3106 482 3161 annorum
527 3098 688 3195 peccata
717 3086 993 3197 optimatium,
1033 3083 1105 3198 qui

109 3224 278 3308 Caesaris
316 3233 536 3339 potentiam
578 3237 620 3312 in
652 3235 792 3315 Galliis
820 3233 1029 3348 aluerunt3
1073 3232 1105 3308 si

106 3378 300 3482 postulata
331 3378 533 3478 Caesaris,
574 3383 723 3493 quibus
757 3399 896 3464 contra
934 3381 1037 3492 leges
1066 3394 1105 3460 et

105 3549 251 3605 morem
281 3530 479 3610 maiorum
508 3535 569 3612 sui
600 3533 771 3616 absentis
805 3535 996 3615 rationem
1029 3531 1104 3611 ha·

103 3666 184 3752 beri
213 3676 370 3758 volebat
398 3683 440 3759 in
476 3685 665 3794 petitione
709 3687 964 3782 consulatus,
1003 3685 1103 3792 quin

7 3927 8 3936 ἵ
106 3831 233 3903 tamen
261 3831 511 3942 provinciam
542 3850 579 3913 et
611 3839 832 3917 exercitum
867 3835 1104 3929 dimitteret,
