2924 5002
311 347 382 420 320
680 364 852 415 urrsrou
878 367 939 416 tu.
1088 365 1120 416 Δ.
1137 371 1171 418 v.
1189 371 1217 416 c.
1236 368 1285 434 set

307 497 394 545 mus.
420 472 493 569 Tu,
518 492 660 570 quoquo
685 469 794 543 modo
811 471 854 568 ³³,
878 468 1045 571 quoniam
1070 469 1205 570 Ephesi
1236 487 1316 572 est,

306 598 487 680 hominem
518 596 705 694 investiges
737 593 859 694 velim,
892 613 1096 698 'summaque
1130 596 1314 696 diligentia

306 723 364 797 vel
389 738 505 796 tecum
531 722 693 796 deducas.
709 711 801 796 ‘Noli
833 736 1013 822 spectare,
1046 723 1168 824 quanti
1201 723 1315 800 homo
1363 770 1367 775 ·

307 851 368 948 sit,
392 849 494 949 parvi
520 849 613 921 enim
638 849 744 948 pretii
769 861 837 946 est,
863 847 923 949 qui
946 848 1018 920 iam
1042 847 1142 920 nihili
1167 850 1226 948 sit,
1245 851 1318 927 sed

306 989 407 1050 tanto
437 973 559 1048 dolore
583 975 744 1075 Aesopus
776 987 830 1046 est
862 973 1007 1047 affectus
1038 988 1186 1074 propter
1216 979 1319 1050 servi

307 1101 419 1176 scelus
445 1115 480 1174 et
506 1100 705 1199 audaciam,
729 1111 770 1172 ut
794 1097 882 1172 nihil
898 1099 931 1172 ei
949 1100 1208 1198 gratius‘facere
1223 1127 1319 1203 pos-

216 1207 222 1216 *
307 1228 370 1328 sis,
396 1253 501 1329 quam
526 1228 556 1300 si
579 1225 678 1300 illum
702 1253 767 1326 per
791 1239 827 1299 te
851 1227 1074 1326 recuperarit

356 1353 400 1424 V.
425 1381 451 1454 9
474 1353 577 1427 Nunc
603 1379 643 1426 ea
662 1378 849 1452 cognosce,
874 1377 963 1454 quae
980 1353 1130 1426 maxime
1151 1367 1318 1454 exoptas.

306 1480 393 1552 Rem
418 1477 597 1580 publicam
622 1479 778 1552 lirnditus
804 1479 997 1552 amisimus:
1024 1477 1113 1553 adeo
1138 1493 1178 1552 ut
1202 1480 1323 1581 Cat0,

306 1604 511 1680 adolescens
535 1604 664 1679 nullius
690 1604 842 1704 consilii,
870 1603 934 1677 sed
965 1619 1084 1678 tamen
1117 1606 1202 1678 civis
1234 1607 1317 1679 Ro-

305 1759 447 1833 manus,
463 1747 499 1806 et
515 1735 623 1833 Cute,
639 1733 699 1804 vix
716 1733 817 1806 vivus
835 1730 994 1829 effugerit
1005 1729 1052 1830 ³43
1069 1730 1179 1834 quod,
1195 1757 1314 1834 quum

306 1858 496 1931 Gabinium
522 1858 565 1932 de
584 1858 716 1931 ambitu
735 1856 840 1932 vellet
856 1857 1052 1958 postulare,
1077 1883 1189 1959 neque
1204 1885 1317 1959 prae-

235 2029 238 2036 »
274 2005 277 2014 ’
305 1997 399 2056 tores
425 1982 547 2056 diebus
573 1983 707 2087 aliquot
723 1983 811 2056 adiri
832 1997 994 2084 possent,
1018 1983 1074 2057 vel
1091 1997 1314 2085 potestatem

305 2110 358 2182 sui
390 2109 560 2208 facerent,
590 2111 628 2182 in
660 2110 868 2184 concionem
901 2109 1101 2209 adscendit,
1133 2123 1169 2190 et
1198 2110 1314 2183 Pom·

304 2236 422 2334 peium
447 2236 623 2336 privatum
640 2233 849 2310 dictatorem
866 2236 898 2284 ³⁵
924 2233 1123 2335 appellavit.
1149 2237 1311 2336 Propius

303 2359 392 2432 nihil
416 2361 641 2461 estfactum,
673 2388 778 2464 quam
805 2375 846 2433 ut
879 2360 1105 2435 occideretur.
1137 2363 1193 2434 Ex
1215 2361 1312 2462 hoc,

305 2487 365 2589 qui
389 2489 435 2564 sit
459 2501 569 2562 status
602 2488 710 2560 totius
741 2488 790 2560 rei
822 2485 1006 2587 publicae,
1037 2487 1156 2560 videre
1188 2503 1308 2588 potes.

303 2612 453 2687 Nostrae
485 2628 603 2688 tamen
640 2639 769 2687 causae.
782 2615 814 2664 ³⁶
838 2638 912 2686 non
945 2611 1110 2686 videntur
1140 2613 1308 2690 homiues

305 2736 463 2812 defirturi.
488 2738 690 2814 Mirandum
714 2741 751 2812 in
776 2738 922 2812 modum
955 2741 1183 2840 profitentur,
1212 2739 1306 2812 offe·
1373 2763 1375 2766 ⁴

303 2879 386 2937 runt
410 2892 463 2963 se,
487 2866 713 2966 pollicentur:
746 2880 782 2938 et
815 2865 957 2967 quidem
985 2892 1094 2966 quum
1126 2891 1188 2965 spe
1221 2892 1307 2938 sum

302 2990 469 3089 maxima,
491 3005 570 3064 tum
595 2994 726 3066 maiore
751 2993 856 3064 etiam
886 2991 1019 3089 enimc,
1045 3003 1168 3091 [spero
1200 3017 1306 3091 supe-

302 3115 410 3187 riores
435 3117 509 3189 fore
534 3143 617 3217 nos,
642 3117 783 3191 confido
818 3117 954 3205 animo]
972 3119 1002 3181 ³7
1029 3118 1131 3188 utin
1164 3116 1231 3189 hac
1262 3145 1306 3191 re

303 3238 438 3338 [publ]
455 3266 499 3314 ne
517 3257 634 3316 casum
660 3243 803 3346 quidem
823 3241 932 3314 ullum
950 3243 1210 3342 pertimescam:
1236 3245 1305 3317 sed

301 3347 421 3439 tamen
445 3393 500 3440 res
525 3369 575 3441 sic
601 3368 769 3443 sehabet.
797 3370 832 3442 Si
850 3367 942 3473 diem
967 3367 1070 3442 nobis
1087 3367 1230 3442 Clodius
1250 3369 1303 3443 di-

302 3491 406 3590 xerit,
425 3505 499 3566 tota
524 3494 625 3568 Italia
650 3509 855 3594 concurret,
881 3508 920 3568 ut
936 3493 1167 3595 multiplicata
1190 3495 1300 3595 glon'a

302 3607 539 3721 discedamus,
563 3623 617 3696 sin
642 3637 760 3696 autern
785 3624 820 3696 vi
846 3647 946 3720 agere
972 3621 1170 3720 conabitur,
1196 3647 1303 3722 spero

300 3740 393 3842 fore,
417 3744 540 3820 studiis
557 3772 630 3822 non
647 3749 760 3824 solum
779 3749 988 3846 amicorum,
1014 3746 1197 3820 sedetiam
1217 3747 1302 3820 alie-

300 3890 442 3968 norum,
466 3886 506 3946 ut
531 3876 567 3950 vi
598 3877 805 3951 resistamus.
838 3875 970 3948 Omnes
996 3887 1032 3944 et
1064 3899 1123 3974 se,
1149 3888 1186 3948 et
1217 3899 1301 3949 suos
