2834 5012
310 435 371 482 xv1
456 405 458 408 ’
609 451 610 456 1
692 433 935 482 rnrnonverro

310 553 350 618 et
379 531 626 615 conditiones
655 531 705 612 ab
726 562 773 615 eo
800 535 1104 645 deponentes,
1128 551 1175 618 ut
1197 541 1312 624 nimi-

310 713 404 764 rum
419 683 643 793 Pompeius
663 684 738 764 iret
759 685 802 763 in
825 685 1075 794 provinciam
1096 713 1210 766 suam
1229 689 1312 768 Hi-

309 836 513 945 spaniam3
552 833 585 910 si
613 833 900 912 sententiarum
927 835 1209 943 optimatium,
1237 840 1311 946 qui

311 995 423 1064 erant
451 1009 546 1062 eum
572 980 787 1090 Pompeio,
811 984 853 1059 in
875 979 1116 1092 disputando
1138 979 1186 1064 de
1209 1013 1311 1065 eon-

311 1128 529 1210 din'onibus
550 1125 690 1210 oblatis
712 1130 959 1229 varietatem,
973 1145 1092 1242 atque
1115 1130 1164 1210 ad
1187 1147 1315 1214 extre·
1407 1203 1408 1238 ,

312 1307 426 1358 mum
471 1278 706 1364 sententiam
746 1278 986 1378 Ciceronis,
1029 1277 1189 1390 quidvis
1232 1309 1315 1362 esse

313 1418 471 1528 melius,
484 1456 625 1541 paoem
646 1429 764 1508 etiam
785 1455 867 1510 non
891 1427 1101 1510 honestam
1114 1459 1195 1512 esse
1213 1433 1315 1512 aoei-

312 1576 500 1692 piendam
523 1569 679 1690 potiusj
695 1607 818 1689 quarn
849 1578 898 1660 ad
921 1609 1029 1662 arma
1050 1583 1187 1664 venire
1208 1577 1315 1662 affir-
1407 1569 1408 1578 ἵ

210 1727 211 1730 Ὺ
313 1733 476 1832 mantis3
494 1731 545 1829 si,
565 1732 731 1840 inquam
752 1728 851 1810 haec
871 1733 1004 1811 omnia
1022 1733 1316 1842 cognoscimus,

238 1895 242 1912 ⁴
313 1877 355 1960 id
376 1881 467 1958 unis
496 1876 578 1960 fere
608 1878 717 1959 hisee
739 1881 913 1990 epistolis
934 1893 1146 1998 acceptura
1166 1876 1315 1970 referre
1365 1922 1370 1940 ·

313 2027 516 2111 debemus.
543 2027 677 2138 Atque
706 2031 869 2111 initium
897 2027 1009 2127 belli,
1038 2054 1315 2141 progressum,
1393 2127 1394 2132 Ἰ

314 2192 353 2257 et
392 2180 547 2258 exitum
589 2179 731 2259 Caesar
767 2182 851 2290 ipse
893 2181 1089 2282 narravit3
1124 2193 1163 2258 at
1192 2205 1317 2287 quarn

314 2337 440 2419 multa
482 2332 590 2446 apud
638 2344 822 2411 nostrum
864 2327 912 2407 de
955 2344 1061 2410 statu
1102 2330 1315 2444 utriusque

315 2453 448 2586 dunis,
478 2484 527 2564 de
555 2480 650 2593 fuga
679 2481 884 2591 Pompeii,
911 2477 960 2558 ad
995 2478 1146 2558 bellum
1183 2481 1316 2589 impa-

314 2639 521 2734 ratissimi5
560 2630 610 2712 ab
648 2628 773 2730 urbe,
812 2627 860 2708 de
888 2625 1154 2738 descriptione
1183 2629 1317 2737 regio-

315 2821 414 2872 num
444 2795 547 2869 inter
575 2781 802 2864 consulares
830 2779 961 2875 viros,
1003 2790 1050 2855 ut
1085 2803 1148 2854 eas
1177 2775 1320 2853 eontra

193 2976 197 2984 ’
316 2941 523 3017 Caesarem
543 2927 820 3024 defenderent,
843 2924 891 3005 de
914 2925 1107 3035 Pompeio
1130 2936 1169 3002 et
1188 2923 1317 3002 Pom·
1407 2997 1408 3050 ἰ

315 3090 551 3199 peianorurn
573 3079 866 3161 transmissione
879 3073 1097 3162 Brundisio
1117 3076 1160 3152 in
1184 3073 1319 3152 Grae·

295 3221 443 3335 eiam,
473 3233 521 3314 de
550 3261 660 3312 mora
690 3229 865 3310 Caesaris
891 3224 1160 3306 Alexandrina
1194 3236 1318 3330 atque

317 3384 484 3481 Asiana,
525 3408 604 3492 qua
647 3378 805 3494 faetum-
837 3389 919 3472 est,
961 3388 1009 3453 ut
1050 3373 1320 3482 Pompeianae

317 3533 504 3642 reliquiae
546 3534 588 3611 in
629 3529 823 3641 Hispania
862 3539 900 3609 et
938 3519 1074 3602 Africa
1109 3517 1321 3604 victoriam

316 3695 406 3790 post
442 3682 635 3792 praelium
676 3675 972 3761 Pharsalicum·
996 3680 1224 3781 sperarent,
1267 3660 1319 3739 de
1407 3751 1408 3796 ξ

317 3843 421 3911 statu
450 3829 561 3912 urbis
590 3833 754 3912 Caesare
789 3832 831 3909 in
870 3824 931 3905 his
962 3818 1119 3902 duabus
1148 3816 1319 3928 provin-
