2932 5000
528 425 565 474 rr
591 423 782 475 narsrcnts
1084 405 1158 507 369

145 519 167 580 6
189 519 267 582 Cum
289 530 438 604 potestate
459 525 522 586 sive
542 524 683 588 libertate
703 521 862 588 statuendi.

145 647 164 706 7
187 625 275 688 Amb.
291 625 337 707 Ιι6
356 638 388 688 et
407 627 474 690 edd.
495 629 612 713 aliquot
638 653 669 693 se
698 654 724 693 c.
749 631 792 694 H.
814 632 978 712 r'augcrcut,⁸
1001 632 1090 696 amb.
1115 657 1149 718 ¹7

189 755 220 793 se
240 755 266 794 e.
287 732 330 794 H.
351 735 567 816 coniungerent.

148 837 170 900 8
192 839 248 900 Est
267 838 327 900 hoc
341 861 358 902 e
371 843 559 904 correctione
579 842 710 925 sigonii,
730 842 847 903 Manut.
867 851 899 904 et
916 842 1053 906 Turnebi
1076 845 1156 925 (td-

189 966 266 1006 vers.
277 946 400 1019 XXIII,
413 947 464 1028 8);
477 947 593 1010 babent
605 951 765 1033 perspicue
778 949 877 1010 scidae
887 949 1040 1014 Bcsianae.
1052 951 1157 1034 Vulgo

190 1052 265 1112 olim
288 1051 419 1114 Clodiae.
441 1053 628 1116 Correctioui
650 1055 751 1116 locum
773 1055 843 1116 fecit
863 1055 979 1117 Gellius
992 1049 1155 1136 xvima

148 1180 172 1241 9
192 1157 263 1219 Scil.
284 1171 320 1220 ut
339 1159 456 1243 legatus
477 1163 509 1224 ln
528 1165 717 1245 provinciam
739 1163 870 1223 Galliam
890 1165 976 1224 icem.
997 1163 1070 1224 Em.

155 1285 193 1326 ro
213 1265 339 1350 Malasp.
367 1266 547 1328 coniiciebat
572 1269 750 1342 summm,
775 1267 805 1328 h.
827 1287 869 1341 a,
889 1278 1101 1346 extemorum3
1120 1279 1157 1332 ut

188 1367 279 1432 azani
297 1384 525 1456 opponerentur
543 1373 737 1436 nostratibus.
766 1374 822 1435 Cui
851 1377 1031 1436 correctioni
1059 1373 1153 1436 velifi-

189 1487 273 1537 catus
294 1487 339 1539 est
358 1476 535 1550 Ernestius‚
558 1481 611 1561 qui
637 1479 800 1541 oberrarem
825 1479 967 1562 explanat
989 1479 1154 1542 Gallcmm.

186 1584 227 1642 At
247 1581 358 1644 Schtitn
384 1583 479 1646 edidit
506 1584 672 1648 Gallomm.
701 1586 774 1648 Μοι
794 1607 853 1670 pro
873 1599 1051 1660 nascautur,
1077 1585 1152 1649 libb.

189 1687 279 1749 multi
299 1691 499 1753 innascantur.

149 1816 182 1854 ιι
212 1793 285 1854 Ειιι.
297 1795 489 1871 coniiciebat,
502 1807 533 1860 et
547 1797 659 1862 Sobtltz
678 1799 771 1862 edidit
781 1799 877 1862 babet.
891 1797 975 1862 Idem
985 1809 1055 1882 post
1066 1799 1154 1862 Grut.

186 1902 285 1962 omnia
306 1903 463 1978 tollebam,
484 1908 597 1968 omisso
617 1906 680 1968 sla.
1225 1903 1228 1914 ’

147 2027 185 2066 12
207 2007 386 2070 Erimebam
407 2031 425 2070 a
445 2011 518 2094 Iege.
539 2011 699 2086 Mendose,
719 2015 848 2097 opinor,
868 2011 940 2074 libri
960 2012 1023 2074 fere
1048 2031 1154 2074 omnes

187 2114 352 2176 atomi-am.
373 2117 456 2178 Tum
477 2119 514 2179 P.
528 2117 650 2196 Mucio,
669 2121 704 2181 1..
722 2119 883 2203 Calpurnio
906 2118 1004 2192 Cosa,
1017 2116 1047 2178 h.
1062 2140 1088 2179 e.
1102 2140 1155 2178 an-

187 2241 230 2280 no
250 2221 290 2283 V.
312 2223 345 2282 C.
365 2221 499 2297 DCXX,
519 2246 581 2307 quo
602 2247 682 2286 anno
703 2227 741 2286 T.
762 2225 918 2288 Gracchus
938 2225 1037 2307 legem
1058 2226 1156 2306 Agra-

191 2327 269 2386 riam
289 2327 367 2389 tulit.
390 2326 585 2392 Sulldncmm
605 2331 982 2414 commemorassem,
1003 2349 1078 2412 quas
1093 2329 1156 2391 scil.

188 2433 286 2494 victor
307 2433 392 2496 Sulla
411 2433 582 2498 fautoribus
603 2441 664 2499 suls
687 2447 793 2498 oonua
821 2437 953 2500 Marium
979 2434 1155 2498 donaverat.

147 2540 186 2600 13
209 2538 261 2600 Sic
280 2543 397 2623 primus
422 2545 491 2604 Ant.
511 2546 697 2625 Augustinus
724 2553 895 2606 correxerat
920 2543 1002 2625 vulg.
1026 2541 1157 2604 Artemi-

189 2657 292 2721 tanos,
312 2635 405 2730 quam
426 2653 645 2712 correctionem
666 2650 847 2712 confirmant
870 2647 941 2710 libri
961 2647 1040 2709 bene
1065 2645 1156 2707 mrtlti

189 2755 317 2836 propius
329 2755 460 2837 legentes
472 2759 655 2832 Arteminos,
667 2767 697 2819 et
707 2766 887 2840 receperunt
899 2756 1064 2827 Graevius,
1077 2762 1155 2814 oete-

193 2860 282 2940 rique
295 2865 491 2937 recentiores,
503 2874 534 2925 et
545 2863 679 2926 defendit
695 2863 872 2946 Malaspina.
886 2859 1069 2943 ademptam
1088 2859 1157 2940 qui

186 2963 258 3025 dem
279 2966 371 3029 fuisse
391 2970 544 3031 civitatem
565 2971 711 3032 Arretinis
731 2969 923 3030 manifestum
943 2977 1044 3028 estex
1065 2965 1158 3026 Orat.

184 3091 245 3152 pro
266 3071 352 3134 Caeo.
373 3096 398 3136 c.
420 3076 474 3153 333
496 3076 607 3158 quibus
628 3086 730 3139 autem
751 3076 893 3159 adempto
912 3073 972 3135 ibit
985 3074 1090 3134 civitas
1110 3070 1160 3132 l'a-

143 3175 146 3187 '
184 3176 242 3238 cile
264 3189 308 3240 est
328 3182 474 3263 suspicari
495 3184 588 3244 etiam
608 3203 698 3265 agros
720 3181 897 3264 ademptos,
918 3181 942 3240 si
964 3177 1155 3239 animadver-

184 3294 232 3364 tas
253 3305 341 3366 agros
361 3289 454 3348 totius
473 3287 537 3351 fere
564 3289 707 3351 Etruriae
736 3290 786 3371 (iu
810 3307 871 3370 qua
895 3295 982 3348 erant
1002 3285 1156 3364 Arretini)

184 3387 318 3470 Syllanis
338 3391 484 3454 militibus
503 3394 630 3456 donatos
644 3395 743 3457 fuisse.
764 3393 822 3455 Ed
838 3391 931 3455 Herr.
945 3389 1153 3454 Amitcmiaos.

149 3495 188 3574 ¹4
209 3495 313 3556 Vnum
335 3507 427 3580 caput
447 3498 527 3582 legis.
551 3501 597 3564 Vt
614 3522 688 3583 ager
791 3512 950 3570 emeretur,
969 3497 1023 3579 qui
1043 3494 1156 3556 scilicet

184 3599 308 3682 publice
319 3601 513 3666 divideretur.
534 3606 589 3670 Ex
601 3609 682 3672 aava
695 3605 895 3688 vectigalibus3
913 3602 1059 3664 nimirum
1074 3619 1155 3682 quae

183 3728 204 3766 a
225 3708 400 3770 nationibus
419 3732 475 3794 per
494 3712 678 3800 Pompeium
698 3716 731 3775 in
746 3714 817 3776 Asia
830 3711 955 3774 devictis
967 3707 1153 3792 penduntur.

147 3813 186 3874 15
207 3814 299 3896 Apud
318 3816 479 3899 populum.

194 4041 305 4108 θιεειι.
327 4043 374 4108 11.
396 4079 436 4095 -
457 4048 533 4114 batt.
560 4051 598 4116 T.
620 4051 647 4113 1.
998 4042 1038 4119 ²4
