2834 5012
331 404 378 499 34
613 377 617 387 ¹
705 421 876 472 rrrsroas
900 425 931 472 x.
1105 422 1136 472 Δ.
1152 427 1186 475 v.
1204 427 1232 472 o.
1249 423 1299 474 sea
1409 407 1410 500 t

330 532 374 623 Q.
391 529 487 603 fratri
509 551 635 625 magno
661 527 739 598 usui
762 527 800 598 in
824 526 952 600 nostris
976 524 1212 624 petitionibus.
1232 526 1324 600 Sane
1409 525 1410 588 ἶ

330 683 407 728 snm
432 654 671 756 perturbatus,
697 679 805 753 quum
829 653 938 752 ipsius
956 651 1058 726 Satrii
1077 651 1326 753 familiaritate,

331 797 406 854 tum
422 783 582 882 Demitii7
602 782 640 852 in
665 805 736 882 quo
762 803 833 853 uno
858 780 1008 852 maxime
1035 778 1180 852 ambitio
1204 795 1326 853 nostra
1409 773 1410 862 ζ

321 910 459 1000 nititur.
484 907 730 999 Demonstravi
755 906 842 978 haee
867 904 1034 978 Caecilio:
1051 888 1153 978 simol
1176 919 1213 980 et
1237 905 1325 980 illud

330 1035 486 1133 ostendi,
518 1036 547 1108 si
570 1036 646 1134 ipse
671 1059 761 1105 unus
787 1057 868 1104 cum
891 1029 951 1105 illo
976 1057 1048 1104 uno
1074 1031 1324 1132 contenderet,

319 1187 386 1234 me
411 1162 444 1232 ei
468 1159 724 1234 satisfacturum
747 1158 868 1232 fuisse:
885 1183 979 1232 nune
997 1159 1036 1230 in
1060 1183 1162 1230 causa
1187 1159 1326 1232 univer·

329 1313 449 1361 sorum
473 1285 686 1361 creditorum
693 1309 703 1384 '7
739 1284 923 1358 hominum
953 1284 1159 1383 praesertim
1184 1283 1327 1383 amplis·
1409 1307 1410 1342 1

331 1415 513 1512 simorum,
540 1413 600 1514 qui
625 1413 698 1484 sine
716 1435 776 1510 eo,
792 1435 898 1511 qoem
914 1409 1084 1484 Caecilius
1102 1435 1166 1483 suo
1183 1411 1328 1482 nomine
1409 1401 1410 1420 ¹

330 1538 530 1639 perhiberet
547 1537 595 1637 ²4,
627 1536 726 1609 facile
760 1561 899 1608 causam
930 1561 1152 1609 communem
1177 1537 1327 1608 sustine-

330 1679 424 1764 rent,
449 1690 599 1766 aequum
624 1689 716 1760 esse,
733 1688 814 1733 eum
830 1675 866 1733 et
882 1661 998 1735 officio
1023 1686 1104 1734 meo
1129 1660 1327 1759 consulere⁷
1409 1643 1410 1682 i

331 1805 366 1863 et
391 1792 548 1892 tempori.
581 1789 709 1862 Durius
745 1781 902 1888 accipere
926 1786 996 1860 hoe
1021 1777 1107 1859 inihi
1131 1787 1225 1861 visus
1251 1801 1327 1884 est,
1409 1805 1410 1836 ἒ

330 1943 437 2018 quam
461 1915 608 2014 vellem,
640 1929 676 1987 et
709 1940 814 2014 quam
838 1914 997 1987 homines
1021 1912 1104 1986 belli
1129 1911 1263 2014 soleut5
1291 1927 1328 1984 et

330 2057 453 2141 postea
477 2063 619 2140 prorsus
646 2040 690 2112 ab
716 2040 875 2114 instituta
899 2053 1018 2112 nostra
1043 2065 1236 2138 paucorum
1257 2038 1328 2112 die·
1409 2025 1410 2082 i

313 2159 408 2239 'rum
433 2166 684 2258 consuetudine
708 2165 812 2264 longe
837 2165 970 2264 refugit.
995 2164 1069 2238 Abs
1094 2179 1129 2238 te
1154 2179 1262 2264 peto,
1288 2179 1331 2250 ut

328 2291 414 2363 mihi
439 2292 507 2364 hoe
532 2293 718 2390 ignoscas,
751 2305 786 2364 et
817 2317 874 2363 me
906 2291 1080 2364 existimes
1110 2290 1329 2362 humanitate

330 2443 405 2490 esse
429 2417 662 2517 prohibitum,
694 2443 739 2490 ne
773 2432 894 2490 contra
927 2418 1029 2490 amici
1058 2441 1231 2489 summam
1257 2419 1327 2490 exi-

330 2543 565 2617 stimationem
602 2545 797 2617 miserrimo
835 2545 907 2616 eius
944 2557 1104 2643 tempore
1143 2544 1327 2618 venirem:
1409 2569 1410 2588 ¹

330 2695 437 2771 quum
460 2672 490 2742 is
516 2673 633 2744 omnia
659 2658 721 2744 sua
754 2668 869 2742 studia
901 2683 937 2741 et
962 2669 1076 2750 officia
1100 2670 1219 2741 inme
1246 2695 1328 2742 eon·
1409 2657 1410 2666 ἵ

329 2795 472 2868 tulisset.
499 2797 608 2889 Quod
633 2797 661 2868 si
686 2795 784 2870 voles
810 2797 927 2866 inme
953 2821 1027 2868 esse
1056 2793 1191 2893 durior,
1219 2795 1328 2867 ambi·
1409 2787 1410 2796 ¹

329 2922 461 2992 tionem
484 2921 624 3019 putabis
649 2921 735 2993 mihi
760 2921 945 2994 obstitisse.
959 2899 966 2918 ’
979 2924 1056 3018 Ego
1090 2935 1206 2993 autem
1234 2920 1326 2994 arbi-

328 3057 423 3144 tror,
455 3047 561 3118 etiam
594 3047 623 3119 si
648 3047 686 3119 id
717 3047 762 3118 sit
773 3103 783 3146 7
821 3046 907 3120 mihi
943 3046 1196 3146 ignoscendum
1228 3072 1327 3119 esse:

328 3172 391 3238 ἐπεὶ
424 3174 489 3264 οὐχ’
514 3181 636 3268 ἱερήια),
661 3173 731 3242 οὐδὲ
757 3176 867 3260 βοείην.
900 3171 1011 3272 Vides
1043 3173 1154 3270 enim,
1189 3173 1227 3242 in
1253 3197 1326 3272 quo

328 3321 430 3370 cursu
463 3298 636 3398 sitnuss²⁵7
669 3312 704 3371 et
738 3323 843 3398 quam
876 3323 998 3371 omnes
1036 3299 1162 3396 gratias
1180 3301 1211 3348 ²⁶
1249 3323 1327 3371 uon
1409 3345 1410 3400 1

325 3423 434 3496 modo
459 3425 678 3524 retinendas,
710 3450 832 3500 verum
865 3425 970 3498 etiam
1001 3423 1229 3524 acquirendas
1259 3451 1326 3522 pu·
1409 3503 1410 3506 Ἴ

326 3560 447 3621 temus.
483 3551 592 3650 Spero
630 3549 694 3623 tibi
731 3576 787 3622 me
820 3575 960 3623 causam
993 3549 1181 3649 probasse3
1215 3551 1324 3648 cupio
1409 3561 1410 3568 ’

286 3676 289 3682 ’
327 3673 469 3772 quidem
493 3692 594 3750 certe.

375 3800 399 3892 4
424 3802 659 3877 Hermathena
677 3817 737 3876 tna
754 3800 856 3876 valde
873 3828 930 3874 me
956 3801 1121 3902 delectat,
1144 3815 1180 3874 et
1204 3802 1325 3902 posita

325 3924 375 3996 ita
400 3925 490 3998 belle
516 3942 585 4027 est⁷
617 3944 657 4000 ut
694 3941 809 4000 totum
839 3929 1060 4026 gymnasium
1084 3933 1148 4006 tiri
1173 3935 1326 4021 ἀνάθημα

326 4073 400 4121 esse
425 4053 591 4128 videatur.
619 4055 770 4128 Multum
794 4068 829 4126 te
855 4079 1020 4128 amamus.
