2834 5012
711 391 883 442 EPlSTOLA
906 395 952 442 ¹1.
1110 393 1142 442 Α.
1158 397 1192 447 V·
1209 396 1238 446 C.
1252 395 1294 448 688

797 595 862 668 XI·
1104 636 1297 698 (minist)

333 737 553 850 Argumentum.
578 791 588 830 r
613 769 726 830 Filium
747 767 804 830 sibi
824 780 929 831 natum
950 791 1013 834 esse
1032 774 1165 846 nuntiat,
1178 783 1209 834 et
1221 795 1252 832 se
1265 775 1320 834 iam

371 877 409 937 de
428 879 572 958 petitione
592 876 764 938 consulatus
784 878 952 960 scripsiss03
965 897 983 936 α
998 876 1156 938 Catilinam
1178 900 1209 940 se
1228 878 1322 938 delen·
1391 869 1392 910 l

372 983 444 1044 dere
464 986 614 1065 cogitare3
645 985 837 1076 x3Atticum‚
867 993 902 1044 ut
921 1005 1023 1044 mense
1053 985 1193 1046 ianuario
1212 985 1320 1046 Romae

372 1093 429 1160 sit,
451 1101 544 1170 rogat.

557 1269 612 1322 Ser.
630 1269 726 1322 Romae
743 1269 775 1320 Δ.
792 1268 829 1323 V.
843 1265 1104 1324 e.nctxxxv111.

636 1440 780 1506 CICERO
804 1440 955 1506 ATTICO
980 1441 1010 1505 S.

385 1657 397 1702 ι
418 1631 466 1704 L.
492 1625 580 1700 Iulio
606 1627 769 1728 Caesare,
802 1628 840 1701 C.
870 1627 1003 1702 Marcio
1028 1625 1153 1726 Figulo
1180 1619 1320 1720 consuli-

329 1754 394 1827 bus
410 1771 433 1854 ¹,
450 1753 556 1827 filiolo
581 1779 638 1826 me
664 1766 806 1826 auctum
826 1753 932 1852 seito,
949 1751 1044 1826 salva
1061 1753 1234 1828 Terentia.
1250 1755 1320 1830 Abs
1391 1765 1392 1848 l

328 1894 363 1954 te
390 1879 548 1952 tamdiu
576 1877 664 1952 nihil
696 1877 895 1952 literarum?
926 1881 1004 1976 'Ego
1038 1878 1082 1950 de
1107 1880 1194 1952 meis
1219 1879 1265 1952 ad
1289 1893 1321 1954 te

327 2005 552 2078 rationibur²
578 2005 702 2103 scripsi
728 2017 831 2076 antea
857 2003 1046 2100 diligenter.
1391 1997 1392 2076 l

376 2157 398 2202 2
424 2131 503 2228 Hoc
529 2143 688 2228 tempore
713 2126 913 2226 Catilinam,
938 2127 1238 2226 competitorem³
1263 2155 1321 2202 no·

314 2267 454 2354 etrum,
488 2253 672 2328 defendere
701 2253 892 2352 cogitemus
907 2252 934 2323 4.
968 2252 1106 2326 Iudices
1130 2253 1322 2356 habemus²

326 2403 415 2479 quos
433 2379 609 2480 volumus,
626 2405 761 2452 summa
784 2379 1018 2451 accusatoris⁵
1035 2355 1225 2450 voluntate.
1242 2379 1321 2479 Spe-
1391 2451 1392 2454 ,

323 2531 364 2578 ro
370 2561 381 2604 7
406 2506 436 2578 si
461 2505 641 2579 absolutus
674 2506 756 2604 erit,
790 2504 1066 2576 coniunctiorem
1097 2503 1195 2576 illum
1220 2503 1319 2576 nobis
1380 2537 1392 2578 t

322 2628 396 2703 fore
421 2633 460 2704 in
484 2633 621 2706 ratione
646 2629 842 2731 petitionis:
868 2630 922 2702 sin
946 2627 1046 2702 aliter
1061 2629 1245 2730 acciderit,
1261 2629 1319 2700 hu·
1391 2639 1392 2724 J

322 2757 472 2830 maniter
488 2761 504 2809 ⁶
528 2757 686 2832 feremus.
1391 2745 1392 2756 ¹

265 2925 266 2930 κ
372 2882 393 2952 3
420 2881 499 2953 Tuo
526 2883 680 2955 adventu
711 2880 814 2954 nohis
846 2906 936 2980 opos
969 2893 1023 2955 est
1047 2893 1195 2952 maturo.
1228 2879 1316 2954 Nam

218 3033 223 3048 ‘
321 3029 464 3102 prorsus
502 3031 638 3078 summa
670 2979 854 3079 hominum
878 3019 932 3078 est
956 3004 1093 3104 opinio,
1119 3017 1198 3078 tuos
1224 3004 1316 3078 sami-

320 3127 438 3228 litres,
463 3130 597 3204 nobiles
624 3132 800 3232 hominen,
818 3131 1034 3205 adversarios
1050 3130 1178 3204 honori
1194 3143 1314 3204 nostro

320 3252 402 3325 lore.
438 3255 496 3329 Ad
532 3284 653 3331 eorum
688 3258 907 3333 voluntatem
941 3255 1028 3330 mihi
1059 3257 1314 3330 conciliandam

320 3379 470 3455 maximo
495 3397 531 3455 te
555 3385 641 3456 mihi
666 3386 743 3458 usui
768 3384 841 3456 lore
867 3382 980 3458 video.
1010 3385 1127 3474 Quare
1153 3381 1312 3455 Ianuario
1391 3411 1392 3416 ¹

313 3513 480 3605 'melleet
505 3523 545 3585 ut
570 3511 796 3608 constituisti,
822 3535 905 3582 cura
930 3524 970 3582 ut
994 3511 1124 3582 Romae
1150 3510 1206 3582 sis.
