<?xml version="1.0" encoding="UTF-8"?>
<!DOCTYPE html PUBLIC "-//W3C//DTD XHTML 1.0 Transitional//EN"
    "http://www.w3.org/TR/xhtml1/DTD/xhtml1-transitional.dtd">
<html xmlns="http://www.w3.org/1999/xhtml" xml:lang="en" lang="en">
 <head>
  <title>
</title>
<meta http-equiv="Content-Type" content="text/html;charset=utf-8" />
  <meta name='ocr-system' content='tesseract 3.04.00' />
  <meta name='ocr-capabilities' content='ocr_page ocr_carea ocr_par ocr_line ocrx_word'/>
</head>
<body>
  <div class='ocr_page' id='page_1' title='image "./mtulliiciceroni76cicegoog/mtulliiciceroni76cicegoog_0378.png"; bbox 0 0 2924 5002; ppageno 0'>
   <div class='ocr_carea' id='block_1_1' title="bbox 513 404 1172 513">
    <p class='ocr_par' dir='ltr' id='par_1_1' title="bbox 513 404 1172 513">
     <span class='ocr_line' id='line_1_1' title="bbox 513 404 1172 513; baseline 0.011 -36"><span class='ocrx_word' id='word_1_1' title='bbox 513 433 550 480; x_wconf 87' lang='lat' dir='ltr'>ru</span> <span class='ocrx_word' id='word_1_2' title='bbox 577 430 765 482; x_wconf 78' lang='lat' dir='ltr'>nrrsrosrs</span> <span class='ocrx_word' id='word_1_3' title='bbox 1065 411 1134 513; x_wconf 70' lang='lat'>347</span> <span class='ocrx_word' id='word_1_4' title='bbox 1169 404 1172 413; x_wconf 70' lang='grc'>’</span> 
     </span>
    </p>
   </div>
   <div class='ocr_carea' id='block_1_2' title="bbox 135 532 1148 4136">
    <p class='ocr_par' dir='ltr' id='par_1_2' title="bbox 139 532 1138 937">
     <span class='ocr_line' id='line_1_2' title="bbox 139 532 1136 616; baseline 0.004 -22"><span class='ocrx_word' id='word_1_5' title='bbox 139 557 155 616; x_wconf 88' lang='lat'><em>7</em></span> <span class='ocrx_word' id='word_1_6' title='bbox 178 532 266 594; x_wconf 80' lang='lat' dir='ltr'>Amb.</span> <span class='ocrx_word' id='word_1_7' title='bbox 293 532 328 593; x_wconf 78' lang='lat'>16</span> <span class='ocrx_word' id='word_1_8' title='bbox 353 545 383 592; x_wconf 88' lang='lat' dir='ltr'>ut</span> <span class='ocrx_word' id='word_1_9' title='bbox 408 533 529 614; x_wconf 69' lang='lat' dir='ltr'>pictique</span> <span class='ocrx_word' id='word_1_10' title='bbox 613 532 822 615; x_wconf 78' lang='lat' dir='ltr'>proficiscitur,</span> <span class='ocrx_word' id='word_1_11' title='bbox 849 534 936 613; x_wconf 88' lang='lat' dir='ltr'>simul</span> <span class='ocrx_word' id='word_1_12' title='bbox 964 546 1054 616; x_wconf 90' lang='lat' dir='ltr'>atque</span> <span class='ocrx_word' id='word_1_13' title='bbox 1081 539 1136 598; x_wconf 88' lang='lat' dir='ltr'>ali-</span> 
     </span>
     <span class='ocr_line' id='line_1_3' title="bbox 179 637 1138 726; baseline 0.001 -26"><span class='ocrx_word' id='word_1_14' title='bbox 179 643 247 723; x_wconf 88' lang='lat' dir='ltr'>quis</span> <span class='ocrx_word' id='word_1_15' title='bbox 267 637 477 722; x_wconf 84' lang='lat' dir='ltr'>proficiscitur.</span> <span class='ocrx_word' id='word_1_16' title='bbox 499 639 619 701; x_wconf 85' lang='lat' dir='ltr'><strong>Terent.</strong></span> <span class='ocrx_word' id='word_1_17' title='bbox 641 639 714 702; x_wconf 90' lang='lat' dir='ltr'>Hec.</span> <span class='ocrx_word' id='word_1_18' title='bbox 734 639 779 712; x_wconf 88' lang='lat' dir='ltr'>V,</span> <span class='ocrx_word' id='word_1_19' title='bbox 802 641 835 712; x_wconf 82' lang='lat'>3,</span> <span class='ocrx_word' id='word_1_20' title='bbox 854 641 882 716; x_wconf 74' lang='grc'>4.</span> <span class='ocrx_word' id='word_1_21' title='bbox 897 639 1004 724; x_wconf 87' lang='lat' dir='ltr'>Itaque</span> <span class='ocrx_word' id='word_1_22' title='bbox 1024 644 1138 726; x_wconf 77' lang='lat' dir='ltr'>ineptus</span> 
     </span>
     <span class='ocr_line' id='line_1_4' title="bbox 178 745 1136 829; baseline 0.003 -21"><span class='ocrx_word' id='word_1_23' title='bbox 178 745 353 808; x_wconf 81' lang='lat' dir='ltr'>hodiedum</span> <span class='ocrx_word' id='word_1_24' title='bbox 380 747 440 808; x_wconf 86' lang='lat' dir='ltr'>illic</span> <span class='ocrx_word' id='word_1_25' title='bbox 465 745 567 820; x_wconf 88' lang='lat' dir='ltr'>sedeo,</span> <span class='ocrx_word' id='word_1_26' title='bbox 595 757 631 808; x_wconf 91' lang='lat' dir='ltr'>ut</span> <span class='ocrx_word' id='word_1_27' title='bbox 659 749 786 829; x_wconf 90' lang='lat' dir='ltr'>quisque</span> <span class='ocrx_word' id='word_1_28' title='bbox 808 758 929 808; x_wconf 85' lang='lat' dir='ltr'>venerat</span> <span class='ocrx_word' id='word_1_29' title='bbox 952 748 1136 811; x_wconf 80' lang='lat' dir='ltr'><strong><em>accedebam.</em></strong></span> 
     </span>
     <span class='ocr_line' id='line_1_5' title="bbox 177 837 1008 937; baseline 0.002 -23"><span class='ocrx_word' id='word_1_30' title='bbox 177 854 246 916; x_wconf 86' lang='lat' dir='ltr'>ltali</span> <span class='ocrx_word' id='word_1_31' title='bbox 267 853 298 912; x_wconf 86' lang='lat' dir='ltr'>di</span> <span class='ocrx_word' id='word_1_32' title='bbox 318 873 405 914; x_wconf 87' lang='lat' dir='ltr'>mono</span> <span class='ocrx_word' id='word_1_33' title='bbox 426 855 456 913; x_wconf 85' lang='lat' dir='ltr'>in</span> <span class='ocrx_word' id='word_1_34' title='bbox 475 873 562 913; x_wconf 89' lang='lat' dir='ltr'>manc</span> <span class='ocrx_word' id='word_1_35' title='bbox 584 837 653 928; x_wconf 70' lang='lat' dir='ltr'>cle,</span> <span class='ocrx_word' id='word_1_36' title='bbox 675 853 753 913; x_wconf 86' lang='lat' dir='ltr'>Galli</span> <span class='ocrx_word' id='word_1_37' title='bbox 773 853 793 914; x_wconf 80' lang='lat' dir='ltr'>d</span> <span class='ocrx_word' id='word_1_38' title='bbox 813 873 924 916; x_wconf 83' lang='lat' dir='ltr'>ntesurc</span> <span class='ocrx_word' id='word_1_39' title='bbox 943 877 1008 937; x_wconf 81' lang='lat' dir='ltr'>qcce.</span> 
     </span>
    </p>

    <p class='ocr_par' dir='ltr' id='par_1_3' title="bbox 136 957 1140 1787">
     <span class='ocr_line' id='line_1_6' title="bbox 136 957 1137 1042; baseline 0.002 -21"><span class='ocrx_word' id='word_1_40' title='bbox 136 961 156 1022; x_wconf 82' lang='lat'>8</span> <span class='ocrx_word' id='word_1_41' title='bbox 176 959 308 1041; x_wconf 87' lang='lat' dir='ltr'>Elegans</span> <span class='ocrx_word' id='word_1_42' title='bbox 329 961 420 1020; x_wconf 90' lang='lat' dir='ltr'>iocus.</span> <span class='ocrx_word' id='word_1_43' title='bbox 443 959 607 1042; x_wconf 87' lang='lat' dir='ltr'>Comparat</span> <span class='ocrx_word' id='word_1_44' title='bbox 627 957 791 1021; x_wconf 87' lang='lat' dir='ltr'>adventum</span> <span class='ocrx_word' id='word_1_45' title='bbox 806 961 895 1022; x_wconf 80' lang='lat' dir='ltr'>Attici</span> <span class='ocrx_word' id='word_1_46' title='bbox 911 963 942 1022; x_wconf 92' lang='lat' dir='ltr'>in</span> <span class='ocrx_word' id='word_1_47' title='bbox 964 963 1137 1034; x_wconf 81' lang='lat' dir='ltr'>Graeciam,</span> 
     </span>
     <span class='ocr_line' id='line_1_7' title="bbox 178 1066 1138 1152; baseline 0.005 -26"><span class='ocrx_word' id='word_1_48' title='bbox 178 1079 208 1126; x_wconf 89' lang='lat' dir='ltr'>et</span> <span class='ocrx_word' id='word_1_49' title='bbox 222 1068 291 1137; x_wconf 89' lang='lat' dir='ltr'>iter,</span> <span class='ocrx_word' id='word_1_50' title='bbox 306 1066 387 1148; x_wconf 87' lang='lat' dir='ltr'>quod</span> <span class='ocrx_word' id='word_1_51' title='bbox 402 1068 598 1148; x_wconf 74' lang='lat' dir='ltr'>pecuniarum</span> <span class='ocrx_word' id='word_1_52' title='bbox 613 1067 830 1148; x_wconf 79' lang='lat' dir='ltr'><strong>exigendarum</strong></span> <span class='ocrx_word' id='word_1_53' title='bbox 844 1089 933 1130; x_wconf 89' lang='lat' dir='ltr'>causa</span> <span class='ocrx_word' id='word_1_54' title='bbox 952 1081 1138 1152; x_wconf 81' lang='lat' dir='ltr'>susceperat,</span> 
     </span>
     <span class='ocr_line' id='line_1_8' title="bbox 179 1171 1138 1258; baseline 0.004 -26"><span class='ocrx_word' id='word_1_55' title='bbox 179 1193 249 1233; x_wconf 90' lang='lat' dir='ltr'>eum</span> <span class='ocrx_word' id='word_1_56' title='bbox 271 1174 378 1232; x_wconf 88' lang='lat' dir='ltr'>itinere</span> <span class='ocrx_word' id='word_1_57' title='bbox 399 1183 429 1234; x_wconf 90' lang='lat' dir='ltr'>ct</span> <span class='ocrx_word' id='word_1_58' title='bbox 448 1171 580 1234; x_wconf 79' lang='lat' dir='ltr'>adventu</span> <span class='ocrx_word' id='word_1_59' title='bbox 600 1175 807 1256; x_wconf 86' lang='lat' dir='ltr'>imperatoris,</span> <span class='ocrx_word' id='word_1_60' title='bbox 834 1177 886 1258; x_wconf 91' lang='lat' dir='ltr'>qui</span> <span class='ocrx_word' id='word_1_61' title='bbox 908 1195 977 1236; x_wconf 89' lang='lat' dir='ltr'>cum</span> <span class='ocrx_word' id='word_1_62' title='bbox 1004 1177 1035 1234; x_wconf 92' lang='lat' dir='ltr'>in</span> <span class='ocrx_word' id='word_1_63' title='bbox 1056 1177 1138 1236; x_wconf 87' lang='lat' dir='ltr'>littus</span> 
     </span>
     <span class='ocr_line' id='line_1_9' title="bbox 178 1271 1139 1364; baseline 0.005 -26"><span class='ocrx_word' id='word_1_64' title='bbox 178 1297 315 1360; x_wconf 87' lang='lat' dir='ltr'>egressus</span> <span class='ocrx_word' id='word_1_65' title='bbox 330 1287 393 1350; x_wconf 90' lang='lat' dir='ltr'>est,</span> <span class='ocrx_word' id='word_1_66' title='bbox 407 1299 491 1338; x_wconf 88' lang='lat' dir='ltr'>sacra</span> <span class='ocrx_word' id='word_1_67' title='bbox 503 1279 587 1351; x_wconf 84' lang='lat' dir='ltr'>facit,</span> <span class='ocrx_word' id='word_1_68' title='bbox 600 1278 708 1340; x_wconf 89' lang='lat' dir='ltr'>deinde</span> <span class='ocrx_word' id='word_1_69' title='bbox 720 1280 917 1363; x_wconf 81' lang='lat' dir='ltr'>progreditur</span> <span class='ocrx_word' id='word_1_70' title='bbox 929 1280 967 1342; x_wconf 87' lang='lat' dir='ltr'>ad</span> <span class='ocrx_word' id='word_1_71' title='bbox 980 1279 1071 1342; x_wconf 91' lang='lat' dir='ltr'>urbes</span> <span class='ocrx_word' id='word_1_72' title='bbox 1082 1271 1139 1364; x_wconf 89' lang='lat' dir='ltr'>op-</span> 
     </span>
     <span class='ocr_line' id='line_1_10' title="bbox 176 1382 1139 1481; baseline 0.004 -37"><span class='ocrx_word' id='word_1_73' title='bbox 176 1382 364 1466; x_wconf 85' lang='lat' dir='ltr'>pugnandas.</span> <span class='ocrx_word' id='word_1_74' title='bbox 386 1384 500 1446; x_wconf 84' lang='lat' dir='ltr'>Ernest.</span> <span class='ocrx_word' id='word_1_75' title='bbox 520 1385 568 1446; x_wconf 79' lang='lat' dir='ltr'>Ad</span> <span class='ocrx_word' id='word_1_76' title='bbox 589 1385 750 1467; x_wconf 79' lang='lat' dir='ltr'>Sicyonem</span> <span class='ocrx_word' id='word_1_77' title='bbox 764 1386 1012 1481; x_wconf 81' lang='lat' dir='ltr'>oppugnandum,</span> <span class='ocrx_word' id='word_1_78' title='bbox 1026 1387 1087 1448; x_wconf 89' lang='lat' dir='ltr'>scil.</span> <span class='ocrx_word' id='word_1_79' title='bbox 1101 1388 1139 1448; x_wconf 85' lang='lat' dir='ltr'>ad</span> 
     </span>
     <span class='ocr_line' id='line_1_11' title="bbox 180 1489 1140 1575; baseline 0.002 -25"><span class='ocrx_word' id='word_1_80' title='bbox 180 1489 406 1573; x_wconf 81' lang='lat' dir='ltr'>exprimendam</span> <span class='ocrx_word' id='word_1_81' title='bbox 428 1513 445 1550; x_wconf 90' lang='lat' dir='ltr'>a</span> <span class='ocrx_word' id='word_1_82' title='bbox 467 1490 616 1574; x_wconf 85' lang='lat' dir='ltr'>Sicyoniis</span> <span class='ocrx_word' id='word_1_83' title='bbox 636 1495 803 1575; x_wconf 86' lang='lat' dir='ltr'>pecuniam.</span> <span class='ocrx_word' id='word_1_84' title='bbox 819 1493 905 1556; x_wconf 85' lang='lat' dir='ltr'>Vnus</span> <span class='ocrx_word' id='word_1_85' title='bbox 918 1491 1026 1554; x_wconf 86' lang='lat' dir='ltr'>Lamb.</span> <span class='ocrx_word' id='word_1_86' title='bbox 1047 1515 1140 1575; x_wconf 84' lang='lat' dir='ltr'>oppu-</span> 
     </span>
     <span class='ocr_line' id='line_1_12' title="bbox 172 1594 1140 1681; baseline 0 -23"><span class='ocrx_word' id='word_1_87' title='bbox 172 1594 340 1676; x_wconf 61' lang='lat' dir='ltr'>gnandam</span> <span class='ocrx_word' id='word_1_88' title='bbox 358 1595 433 1656; x_wconf 89' lang='lat' dir='ltr'>illud</span> <span class='ocrx_word' id='word_1_89' title='bbox 447 1599 549 1680; x_wconf 84' lang='lat' dir='ltr'>accipe</span> <span class='ocrx_word' id='word_1_90' title='bbox 564 1596 693 1670; x_wconf 89' lang='lat' dir='ltr'>dictum,</span> <span class='ocrx_word' id='word_1_91' title='bbox 711 1600 793 1658; x_wconf 89' lang='lat' dir='ltr'>utin</span> <span class='ocrx_word' id='word_1_92' title='bbox 816 1619 863 1681; x_wconf 91' lang='lat' dir='ltr'>ep.</span> <span class='ocrx_word' id='word_1_93' title='bbox 879 1598 1036 1661; x_wconf 88' lang='lat' dir='ltr'>CLXXVI</span> <span class='ocrx_word' id='word_1_94' title='bbox 1052 1609 1140 1670; x_wconf 86' lang='lat' dir='ltr'>extr,</span> 
     </span>
     <span class='ocr_line' id='line_1_13' title="bbox 174 1701 1140 1787; baseline 0.004 -25"><span class='ocrx_word' id='word_1_95' title='bbox 174 1725 270 1787; x_wconf 87' lang='lat' dir='ltr'>neque</span> <span class='ocrx_word' id='word_1_96' title='bbox 281 1702 325 1764; x_wconf 85' lang='lat' dir='ltr'>acl</span> <span class='ocrx_word' id='word_1_97' title='bbox 335 1701 557 1776; x_wconf 84' lang='lat' dir='ltr'>consolandum,</span> <span class='ocrx_word' id='word_1_98' title='bbox 567 1723 660 1785; x_wconf 84' lang='lat' dir='ltr'>neque</span> <span class='ocrx_word' id='word_1_99' title='bbox 671 1703 714 1766; x_wconf 85' lang='lat' dir='ltr'>ad</span> <span class='ocrx_word' id='word_1_100' title='bbox 724 1703 1039 1787; x_wconf 77' lang='lat' dir='ltr'>leuandumsortunam</span> <span class='ocrx_word' id='word_1_101' title='bbox 1051 1719 1140 1766; x_wconf 71' lang='lat' dir='ltr'>tuane.</span> 
     </span>
    </p>

    <p class='ocr_par' dir='ltr' id='par_1_4' title="bbox 135 1808 421 1892">
     <span class='ocr_line' id='line_1_14' title="bbox 135 1808 421 1892; baseline 0 -22"><span class='ocrx_word' id='word_1_102' title='bbox 135 1831 156 1892; x_wconf 85' lang='lat'>9</span> <span class='ocrx_word' id='word_1_103' title='bbox 177 1808 244 1870; x_wconf 81' lang='lat' dir='ltr'>Ald.</span> <span class='ocrx_word' id='word_1_104' title='bbox 266 1809 380 1892; x_wconf 78' lang='lat' dir='ltr'>Itaque-</span> <span class='ocrx_word' id='word_1_105' title='bbox 394 1831 421 1870; x_wconf 86' lang='lat' dir='ltr'>n.</span> 
     </span>
    </p>

    <p class='ocr_par' dir='ltr' id='par_1_5' title="bbox 140 1915 1142 2316">
     <span class='ocr_line' id='line_1_15' title="bbox 140 1915 1140 1998; baseline 0.002 -23"><span class='ocrx_word' id='word_1_106' title='bbox 140 1937 176 1976; x_wconf 88' lang='lat' dir='ltr'>ro</span> <span class='ocrx_word' id='word_1_107' title='bbox 199 1915 242 1977; x_wconf 93' lang='lat' dir='ltr'>Vt</span> <span class='ocrx_word' id='word_1_108' title='bbox 261 1917 428 1998; x_wconf 88' lang='lat' dir='ltr'>principem</span> <span class='ocrx_word' id='word_1_109' title='bbox 449 1917 480 1974; x_wconf 92' lang='lat' dir='ltr'>in</span> <span class='ocrx_word' id='word_1_110' title='bbox 502 1925 606 1976; x_wconf 85' lang='lat' dir='ltr'>senatu</span> <span class='ocrx_word' id='word_1_111' title='bbox 635 1917 755 1978; x_wconf 90' lang='lat' dir='ltr'>lectum.</span> <span class='ocrx_word' id='word_1_112' title='bbox 784 1918 928 1998; x_wconf 82' lang='lat' dir='ltr'>Rogatran</span> <span class='ocrx_word' id='word_1_113' title='bbox 954 1920 1140 1991; x_wconf 84' lang='lat' dir='ltr'>sententiam,</span> 
     </span>
     <span class='ocr_line' id='line_1_16' title="bbox 174 2021 1142 2105; baseline 0.002 -23"><span class='ocrx_word' id='word_1_114' title='bbox 174 2023 237 2084; x_wconf 89' lang='lat' dir='ltr'>scil.</span> <span class='ocrx_word' id='word_1_115' title='bbox 267 2043 285 2082; x_wconf 86' lang='lat' dir='ltr'>a</span> <span class='ocrx_word' id='word_1_116' title='bbox 306 2021 428 2082; x_wconf 88' lang='lat' dir='ltr'>consule</span> <span class='ocrx_word' id='word_1_117' title='bbox 449 2022 576 2095; x_wconf 90' lang='lat' dir='ltr'>Pisone,</span> <span class='ocrx_word' id='word_1_118' title='bbox 597 2023 634 2084; x_wconf 90' lang='lat' dir='ltr'>de</span> <span class='ocrx_word' id='word_1_119' title='bbox 656 2043 725 2105; x_wconf 88' lang='lat' dir='ltr'>quo</span> <span class='ocrx_word' id='word_1_120' title='bbox 740 2027 839 2086; x_wconf 88' lang='lat' dir='ltr'>statim</span> <span class='ocrx_word' id='word_1_121' title='bbox 862 2025 940 2086; x_wconf 83' lang='lat' dir='ltr'>infra</span> <span class='ocrx_word' id='word_1_122' title='bbox 965 2023 1078 2086; x_wconf 84' lang='lat' dir='ltr'>Consul</span> <span class='ocrx_word' id='word_1_123' title='bbox 1089 2046 1142 2085; x_wconf 87' lang='lat' dir='ltr'>au-</span> 
     </span>
     <span class='ocr_line' id='line_1_17' title="bbox 178 2128 1141 2212; baseline 0.003 -24"><span class='ocrx_word' id='word_1_124' title='bbox 178 2143 244 2190; x_wconf 86' lang='lat' dir='ltr'>tem.</span> <span class='ocrx_word' id='word_1_125' title='bbox 276 2129 323 2190; x_wconf 87' lang='lat' dir='ltr'>Dc</span> <span class='ocrx_word' id='word_1_126' title='bbox 353 2128 459 2189; x_wconf 85' lang='lat' dir='ltr'>ordine</span> <span class='ocrx_word' id='word_1_127' title='bbox 491 2130 695 2212; x_wconf 84' lang='lat' dir='ltr'>rogandarum</span> <span class='ocrx_word' id='word_1_128' title='bbox 728 2134 942 2194; x_wconf 84' lang='lat' dir='ltr'>sententiarum</span> <span class='ocrx_word' id='word_1_129' title='bbox 977 2131 1036 2192; x_wconf 81' lang='lat' dir='ltr'>vid.</span> <span class='ocrx_word' id='word_1_130' title='bbox 1070 2133 1141 2191; x_wconf 87' lang='lat' dir='ltr'>Gel-</span> 
     </span>
     <span class='ocr_line' id='line_1_18' title="bbox 178 2237 621 2316; baseline 0 -20"><span class='ocrx_word' id='word_1_131' title='bbox 178 2237 255 2296; x_wconf 89' lang='lat' dir='ltr'>lium</span> <span class='ocrx_word' id='word_1_132' title='bbox 276 2237 339 2308; x_wconf 85' lang='lat' dir='ltr'>lv,</span> <span class='ocrx_word' id='word_1_133' title='bbox 365 2257 414 2311; x_wconf 77' lang='lat'>¹03</span> <span class='ocrx_word' id='word_1_134' title='bbox 434 2247 465 2296; x_wconf 88' lang='lat' dir='ltr'>et</span> <span class='ocrx_word' id='word_1_135' title='bbox 484 2237 573 2308; x_wconf 88' lang='lat' dir='ltr'>XIV,</span> <span class='ocrx_word' id='word_1_136' title='bbox 595 2257 621 2316; x_wconf 91' lang='lat'>7.</span> 
     </span>
    </p>

    <p class='ocr_par' dir='ltr' id='par_1_6' title="bbox 140 2341 1143 3276">
     <span class='ocr_line' id='line_1_19' title="bbox 140 2341 1141 2425; baseline -0.004 -21"><span class='ocrx_word' id='word_1_137' title='bbox 140 2366 171 2404; x_wconf 85' lang='lat' dir='ltr'>rr</span> <span class='ocrx_word' id='word_1_138' title='bbox 198 2343 232 2402; x_wconf 93' lang='lat' dir='ltr'>C.</span> <span class='ocrx_word' id='word_1_139' title='bbox 254 2342 451 2425; x_wconf 86' lang='lat' dir='ltr'>Calpurnium</span> <span class='ocrx_word' id='word_1_140' title='bbox 473 2342 629 2416; x_wconf 85' lang='lat' dir='ltr'>Pisonem,</span> <span class='ocrx_word' id='word_1_141' title='bbox 650 2346 703 2424; x_wconf 91' lang='lat' dir='ltr'>qui</span> <span class='ocrx_word' id='word_1_142' title='bbox 718 2343 846 2404; x_wconf 82' lang='lat' dir='ltr'>Galliam</span> <span class='ocrx_word' id='word_1_143' title='bbox 862 2341 1089 2404; x_wconf 81' lang='lat' dir='ltr'>Narbonensem</span> <span class='ocrx_word' id='word_1_144' title='bbox 1107 2363 1141 2401; x_wconf 84' lang='lat' dir='ltr'>cr</span> 
     </span>
     <span class='ocr_line' id='line_1_20' title="bbox 175 2448 1142 2528; baseline -0.003 -18"><span class='ocrx_word' id='word_1_145' title='bbox 175 2449 335 2510; x_wconf 84' lang='lat' dir='ltr'>consulatu</span> <span class='ocrx_word' id='word_1_146' title='bbox 364 2448 537 2510; x_wconf 86' lang='lat' dir='ltr'>obtinuerat</span> <span class='ocrx_word' id='word_1_147' title='bbox 569 2451 619 2528; x_wconf 88' lang='grc' dir='ltr'>(Α.</span> <span class='ocrx_word' id='word_1_148' title='bbox 648 2449 687 2510; x_wconf 87' lang='lat' dir='ltr'>V.</span> <span class='ocrx_word' id='word_1_149' title='bbox 715 2449 747 2510; x_wconf 88' lang='lat' dir='ltr'>C.</span> <span class='ocrx_word' id='word_1_150' title='bbox 777 2449 1033 2520; x_wconf 86' lang='lat' dir='ltr'>DCLXXXVll,</span> <span class='ocrx_word' id='word_1_151' title='bbox 1068 2461 1142 2509; x_wconf 87' lang='lat' dir='ltr'>teste</span> 
     </span>
     <span class='ocr_line' id='line_1_21' title="bbox 171 2553 1139 2636; baseline -0.002 -20"><span class='ocrx_word' id='word_1_152' title='bbox 171 2557 273 2616; x_wconf 90' lang='lat' dir='ltr'>Dione</span> <span class='ocrx_word' id='word_1_153' title='bbox 293 2553 344 2614; x_wconf 89' lang='lat' dir='ltr'>lib.</span> <span class='ocrx_word' id='word_1_154' title='bbox 356 2555 505 2626; x_wconf 86' lang='lat' dir='ltr'>XXXVI,</span> <span class='ocrx_word' id='word_1_155' title='bbox 527 2557 598 2635; x_wconf 76' lang='lat' dir='ltr'>uo),</span> <span class='ocrx_word' id='word_1_156' title='bbox 619 2557 652 2616; x_wconf 88' lang='lat' dir='ltr'>iu</span> <span class='ocrx_word' id='word_1_157' title='bbox 665 2577 726 2636; x_wconf 88' lang='lat' dir='ltr'>qua</span> <span class='ocrx_word' id='word_1_158' title='bbox 739 2554 926 2636; x_wconf 74' lang='lat' dir='ltr'>Allobroges.</span> <span class='ocrx_word' id='word_1_159' title='bbox 941 2554 1139 2632; x_wconf 71' lang='lat' dir='ltr'>Administra-</span> 
     </span>
     <span class='ocr_line' id='line_1_22' title="bbox 176 2659 1142 2743; baseline -0.003 -21"><span class='ocrx_word' id='word_1_160' title='bbox 176 2663 267 2722; x_wconf 88' lang='lat' dir='ltr'>tionis</span> <span class='ocrx_word' id='word_1_161' title='bbox 288 2663 371 2722; x_wconf 91' lang='lat' dir='ltr'>istius</span> <span class='ocrx_word' id='word_1_162' title='bbox 392 2672 530 2743; x_wconf 87' lang='lat' dir='ltr'>tempore</span> <span class='ocrx_word' id='word_1_163' title='bbox 552 2661 692 2722; x_wconf 86' lang='lat' dir='ltr'>videntur</span> <span class='ocrx_word' id='word_1_164' title='bbox 713 2663 843 2724; x_wconf 86' lang='lat' dir='ltr'>movisse</span> <span class='ocrx_word' id='word_1_165' title='bbox 864 2659 981 2742; x_wconf 86' lang='lat' dir='ltr'>aliquid</span> <span class='ocrx_word' id='word_1_166' title='bbox 1002 2659 1142 2722; x_wconf 78' lang='lat' dir='ltr'>Allobro-</span> 
     </span>
     <span class='ocr_line' id='line_1_23' title="bbox 174 2761 1141 2850; baseline -0.001 -22"><span class='ocrx_word' id='word_1_167' title='bbox 174 2789 243 2850; x_wconf 86' lang='lat' dir='ltr'>ges,</span> <span class='ocrx_word' id='word_1_168' title='bbox 264 2767 347 2850; x_wconf 91' lang='lat' dir='ltr'>quod</span> <span class='ocrx_word' id='word_1_169' title='bbox 368 2779 397 2830; x_wconf 91' lang='lat' dir='ltr'>ct</span> <span class='ocrx_word' id='word_1_170' title='bbox 417 2767 544 2839; x_wconf 78' lang='lat' dir='ltr'>historia</span> <span class='ocrx_word' id='word_1_171' title='bbox 559 2770 774 2836; x_wconf 83' lang='lat' dir='ltr'>coniurationis</span> <span class='ocrx_word' id='word_1_172' title='bbox 788 2761 980 2830; x_wconf 81' lang='lat' dir='ltr'>Catilinariae</span> <span class='ocrx_word' id='word_1_173' title='bbox 994 2767 1141 2828; x_wconf 87' lang='lat' dir='ltr'>declarat:</span> 
     </span>
     <span class='ocr_line' id='line_1_24' title="bbox 175 2874 1143 2957; baseline -0.002 -23"><span class='ocrx_word' id='word_1_174' title='bbox 175 2875 248 2935; x_wconf 84' lang='lat' dir='ltr'>Piso</span> <span class='ocrx_word' id='word_1_175' title='bbox 269 2876 452 2957; x_wconf 74' lang='lat' dir='ltr'>incipientem</span> <span class='ocrx_word' id='word_1_176' title='bbox 471 2887 581 2936; x_wconf 89' lang='lat' dir='ltr'>motum</span> <span class='ocrx_word' id='word_1_177' title='bbox 600 2894 656 2936; x_wconf 87' lang='lat' dir='ltr'>sua</span> <span class='ocrx_word' id='word_1_178' title='bbox 671 2874 831 2957; x_wconf 76' lang='lat' dir='ltr'>pncdentia</span> <span class='ocrx_word' id='word_1_179' title='bbox 845 2878 1022 2957; x_wconf 84' lang='lat' dir='ltr'>composuit,</span> <span class='ocrx_word' id='word_1_180' title='bbox 1044 2875 1143 2957; x_wconf 83' lang='lat' dir='ltr'>testu-</span> 
     </span>
     <span class='ocr_line' id='line_1_25' title="bbox 174 2980 1143 3064; baseline 0 -24"><span class='ocrx_word' id='word_1_181' title='bbox 174 2993 308 3042; x_wconf 84' lang='lat' dir='ltr'>ctuantes</span> <span class='ocrx_word' id='word_1_182' title='bbox 327 2983 442 3042; x_wconf 86' lang='lat' dir='ltr'>animos</span> <span class='ocrx_word' id='word_1_183' title='bbox 461 2984 491 3041; x_wconf 86' lang='lat' dir='ltr'>in</span> <span class='ocrx_word' id='word_1_184' title='bbox 510 2980 608 3064; x_wconf 83' lang='lat' dir='ltr'>officio</span> <span class='ocrx_word' id='word_1_185' title='bbox 633 2983 781 3044; x_wconf 74' lang='lat' dir='ltr'>conticuit.</span> <span class='ocrx_word' id='word_1_186' title='bbox 803 2981 876 3043; x_wconf 91' lang='lat' dir='ltr'>ldeo</span> <span class='ocrx_word' id='word_1_187' title='bbox 898 2981 1069 3064; x_wconf 84' lang='lat' dir='ltr'>appellatur</span> <span class='ocrx_word' id='word_1_188' title='bbox 1087 3003 1143 3063; x_wconf 82' lang='lat' dir='ltr'>pa-</span> 
     </span>
     <span class='ocr_line' id='line_1_26' title="bbox 175 3087 1143 3170; baseline -0.002 -22"><span class='ocrx_word' id='word_1_189' title='bbox 175 3087 310 3170; x_wconf 71' lang='lat' dir='ltr'>cificator</span> <span class='ocrx_word' id='word_1_190' title='bbox 328 3089 538 3168; x_wconf 82' lang='lat' dir='ltr'>Allobrogum,</span> <span class='ocrx_word' id='word_1_191' title='bbox 565 3089 647 3170; x_wconf 89' lang='lat' dir='ltr'>quod</span> <span class='ocrx_word' id='word_1_192' title='bbox 674 3099 776 3150; x_wconf 68' lang='lat' dir='ltr'>minen</span> <span class='ocrx_word' id='word_1_193' title='bbox 804 3089 910 3150; x_wconf 85' lang='lat' dir='ltr'>Cicero</span> <span class='ocrx_word' id='word_1_194' title='bbox 936 3088 1056 3152; x_wconf 82' lang='lat' dir='ltr'>videtur</span> <span class='ocrx_word' id='word_1_195' title='bbox 1082 3108 1143 3164; x_wconf 84' lang='lat' dir='ltr'>nou</span> 
     </span>
     <span class='ocr_line' id='line_1_27' title="bbox 179 3193 976 3276; baseline -0.001 -21"><span class='ocrx_word' id='word_1_196' title='bbox 179 3197 244 3256; x_wconf 92' lang='lat' dir='ltr'>sine</span> <span class='ocrx_word' id='word_1_197' title='bbox 265 3193 436 3258; x_wconf 80' lang='lat' dir='ltr'>urbanitate</span> <span class='ocrx_word' id='word_1_198' title='bbox 457 3195 559 3276; x_wconf 85' lang='lat' dir='ltr'>eliqua</span> <span class='ocrx_word' id='word_1_199' title='bbox 580 3194 679 3257; x_wconf 88' lang='lat' dir='ltr'>dicere</span> <span class='ocrx_word' id='word_1_200' title='bbox 700 3207 730 3256; x_wconf 87' lang='lat' dir='ltr'>et</span> <span class='ocrx_word' id='word_1_201' title='bbox 751 3199 826 3256; x_wconf 88' lang='lat' dir='ltr'>ioco.</span> <span class='ocrx_word' id='word_1_202' title='bbox 851 3196 976 3256; x_wconf 85' lang='lat' dir='ltr'>Casaub.</span> 
     </span>
    </p>

    <p class='ocr_par' dir='ltr' id='par_1_7' title="bbox 142 3295 1148 3896">
     <span class='ocr_line' id='line_1_28' title="bbox 142 3295 1144 3384; baseline -0.001 -23"><span class='ocrx_word' id='word_1_203' title='bbox 142 3322 177 3361; x_wconf 86' lang='lat'>12</span> <span class='ocrx_word' id='word_1_204' title='bbox 201 3301 271 3362; x_wconf 88' lang='lat' dir='ltr'>Hoc</span> <span class='ocrx_word' id='word_1_205' title='bbox 290 3303 505 3382; x_wconf 83' lang='lat' dir='ltr'>sapientissime</span> <span class='ocrx_word' id='word_1_206' title='bbox 527 3295 672 3384; x_wconf 83' lang='lat' dir='ltr'>scriptum</span> <span class='ocrx_word' id='word_1_207' title='bbox 693 3314 744 3364; x_wconf 90' lang='lat' dir='ltr'>est.</span> <span class='ocrx_word' id='word_1_208' title='bbox 767 3304 842 3364; x_wconf 89' lang='lat' dir='ltr'>Nam</span> <span class='ocrx_word' id='word_1_209' title='bbox 865 3305 983 3384; x_wconf 86' lang='lat' dir='ltr'>primus</span> <span class='ocrx_word' id='word_1_210' title='bbox 998 3301 1082 3362; x_wconf 91' lang='lat' dir='ltr'>locus</span> <span class='ocrx_word' id='word_1_211' title='bbox 1098 3301 1144 3360; x_wconf 87' lang='lat' dir='ltr'>be·</span> 
     </span>
     <span class='ocr_line' id='line_1_29' title="bbox 176 3407 1144 3495; baseline -0.002 -27"><span class='ocrx_word' id='word_1_212' title='bbox 176 3407 350 3470; x_wconf 78' lang='lat' dir='ltr'>nivolentiae</span> <span class='ocrx_word' id='word_1_213' title='bbox 371 3409 498 3470; x_wconf 84' lang='lat' dir='ltr'>consulis</span> <span class='ocrx_word' id='word_1_214' title='bbox 517 3409 579 3470; x_wconf 81' lang='lat' dir='ltr'>fere</span> <span class='ocrx_word' id='word_1_215' title='bbox 601 3407 791 3484; x_wconf 87' lang='lat' dir='ltr'>attribuitur;</span> <span class='ocrx_word' id='word_1_216' title='bbox 820 3419 919 3490; x_wconf 80' lang='lat' dir='ltr'>neque</span> <span class='ocrx_word' id='word_1_217' title='bbox 940 3411 981 3480; x_wconf 89' lang='lat' dir='ltr'>is,</span> <span class='ocrx_word' id='word_1_218' title='bbox 1003 3411 1053 3495; x_wconf 88' lang='lat' dir='ltr'>qui</span> <span class='ocrx_word' id='word_1_219' title='bbox 1080 3410 1144 3488; x_wconf 85' lang='lat' dir='ltr'>pri-</span> 
     </span>
     <span class='ocr_line' id='line_1_30' title="bbox 177 3513 1145 3597; baseline -0.002 -25"><span class='ocrx_word' id='word_1_220' title='bbox 177 3534 247 3573; x_wconf 89' lang='lat' dir='ltr'>mus</span> <span class='ocrx_word' id='word_1_221' title='bbox 260 3525 400 3594; x_wconf 90' lang='lat' dir='ltr'>rogatur,</span> <span class='ocrx_word' id='word_1_222' title='bbox 421 3513 555 3575; x_wconf 89' lang='lat' dir='ltr'>inficiare</span> <span class='ocrx_word' id='word_1_223' title='bbox 566 3526 681 3597; x_wconf 87' lang='lat' dir='ltr'>potest,</span> <span class='ocrx_word' id='word_1_224' title='bbox 696 3519 770 3597; x_wconf 87' lang='lat' dir='ltr'>quin</span> <span class='ocrx_word' id='word_1_225' title='bbox 784 3537 815 3577; x_wconf 90' lang='lat' dir='ltr'>se</span> <span class='ocrx_word' id='word_1_226' title='bbox 831 3515 1012 3576; x_wconf 87' lang='lat' dir='ltr'>obstrictum</span> <span class='ocrx_word' id='word_1_227' title='bbox 1028 3513 1145 3575; x_wconf 88' lang='lat' dir='ltr'>consuli</span> 
     </span>
     <span class='ocr_line' id='line_1_31' title="bbox 174 3619 1148 3700; baseline -0.001 -21"><span class='ocrx_word' id='word_1_228' title='bbox 174 3619 314 3680; x_wconf 87' lang='lat' dir='ltr'>fateatur.</span> <span class='ocrx_word' id='word_1_229' title='bbox 342 3620 497 3684; x_wconf 84' lang='lat' dir='ltr'>Secundus</span> <span class='ocrx_word' id='word_1_230' title='bbox 525 3632 625 3682; x_wconf 86' lang='lat' dir='ltr'>autem</span> <span class='ocrx_word' id='word_1_231' title='bbox 653 3622 737 3682; x_wconf 90' lang='lat' dir='ltr'>locus</span> <span class='ocrx_word' id='word_1_232' title='bbox 763 3623 933 3684; x_wconf 84' lang='lat' dir='ltr'>auctoritati</span> <span class='ocrx_word' id='word_1_233' title='bbox 958 3633 986 3682; x_wconf 91' lang='lat' dir='ltr'>et</span> <span class='ocrx_word' id='word_1_234' title='bbox 1013 3619 1148 3700; x_wconf 85' lang='lat' dir='ltr'>dignitati</span> 
     </span>
     <span class='ocr_line' id='line_1_32' title="bbox 175 3725 1144 3812; baseline -0.003 -26"><span class='ocrx_word' id='word_1_235' title='bbox 175 3725 372 3798; x_wconf 89' lang='lat' dir='ltr'>adscribitur,</span> <span class='ocrx_word' id='word_1_236' title='bbox 393 3740 428 3787; x_wconf 88' lang='lat' dir='ltr'>ut</span> <span class='ocrx_word' id='word_1_237' title='bbox 448 3749 536 3810; x_wconf 91' lang='lat' dir='ltr'>saepe</span> <span class='ocrx_word' id='word_1_238' title='bbox 557 3726 607 3788; x_wconf 91' lang='lat' dir='ltr'>hic</span> <span class='ocrx_word' id='word_1_239' title='bbox 627 3731 739 3802; x_wconf 89' lang='lat' dir='ltr'>maior,</span> <span class='ocrx_word' id='word_1_240' title='bbox 760 3750 851 3810; x_wconf 89' lang='lat' dir='ltr'>quam</span> <span class='ocrx_word' id='word_1_241' title='bbox 874 3731 990 3812; x_wconf 88' lang='lat' dir='ltr'>primns</span> <span class='ocrx_word' id='word_1_242' title='bbox 1017 3725 1144 3786; x_wconf 80' lang='lat' dir='ltr'>nabere-</span> 
     </span>
     <span class='ocr_line' id='line_1_33' title="bbox 178 3833 405 3896; baseline 0 -2"><span class='ocrx_word' id='word_1_243' title='bbox 178 3846 240 3896; x_wconf 89' lang='lat' dir='ltr'>tur.</span> <span class='ocrx_word' id='word_1_244' title='bbox 262 3833 405 3894; x_wconf 86' lang='lat' dir='ltr'>Muretus.</span> 
     </span>
    </p>

    <p class='ocr_par' dir='ltr' id='par_1_8' title="bbox 141 3939 1144 4136">
     <span class='ocr_line' id='line_1_34' title="bbox 141 3939 1144 4023; baseline -0.006 -23"><span class='ocrx_word' id='word_1_245' title='bbox 141 3941 176 4002; x_wconf 81' lang='lat'>13</span> <span class='ocrx_word' id='word_1_246' title='bbox 198 3939 273 4000; x_wconf 84' lang='lat' dir='ltr'>Ero.</span> <span class='ocrx_word' id='word_1_247' title='bbox 293 3939 422 4021; x_wconf 88' lang='lat' dir='ltr'>putabat</span> <span class='ocrx_word' id='word_1_248' title='bbox 440 3941 602 4023; x_wconf 88' lang='lat' dir='ltr'>legendum</span> <span class='ocrx_word' id='word_1_249' title='bbox 622 3941 675 4014; x_wconf 87' lang='lat' dir='ltr'>de,</span> <span class='ocrx_word' id='word_1_250' title='bbox 696 3942 744 4004; x_wconf 82' lang='lat' dir='ltr'>rcl</span> <span class='ocrx_word' id='word_1_251' title='bbox 765 3965 781 4002; x_wconf 87' lang='lat' dir='ltr'>c</span> <span class='ocrx_word' id='word_1_252' title='bbox 801 3963 904 4023; x_wconf 76' lang='lat' dir='ltr'>genere</span> <span class='ocrx_word' id='word_1_253' title='bbox 925 3939 986 4000; x_wconf 83' lang='lat' dir='ltr'>illo.</span> <span class='ocrx_word' id='word_1_254' title='bbox 1012 3939 1059 3997; x_wconf 90' lang='lat' dir='ltr'>De</span> <span class='ocrx_word' id='word_1_255' title='bbox 1080 3957 1144 3997; x_wconf 83' lang='lat' dir='ltr'>voc.</span> 
     </span>
     <span class='ocr_line' id='line_1_35' title="bbox 169 4047 891 4136; baseline 0.003 -32"><span class='ocrx_word' id='word_1_256' title='bbox 169 4065 295 4136; x_wconf 31' lang='lat' dir='ltr'>&#39;nroroso</span> <span class='ocrx_word' id='word_1_257' title='bbox 316 4047 351 4106; x_wconf 76' lang='lat' dir='ltr'>ol</span> <span class='ocrx_word' id='word_1_258' title='bbox 374 4047 458 4110; x_wconf 83' lang='lat' dir='ltr'>Brut.</span> <span class='ocrx_word' id='word_1_259' title='bbox 480 4049 542 4110; x_wconf 90' lang='lat' dir='ltr'>sive</span> <span class='ocrx_word' id='word_1_260' title='bbox 562 4047 600 4107; x_wconf 88' lang='lat' dir='ltr'>de</span> <span class='ocrx_word' id='word_1_261' title='bbox 620 4049 657 4110; x_wconf 86' lang='lat' dir='ltr'>cl.</span> <span class='ocrx_word' id='word_1_262' title='bbox 681 4047 775 4114; x_wconf 83' lang='lat' dir='ltr'>Oratt.</span> <span class='ocrx_word' id='word_1_263' title='bbox 797 4070 821 4110; x_wconf 89' lang='lat' dir='ltr'>c.</span> <span class='ocrx_word' id='word_1_264' title='bbox 843 4047 891 4107; x_wconf 84' lang='lat'>68.</span> 
     </span>
    </p>
   </div>
   <div class='ocr_carea' id='block_1_3' title="bbox 0 0 1471 5002">
    <p class='ocr_par' dir='ltr' id='par_1_9' title="bbox 0 0 1471 5002">
     <span class='ocr_line' id='line_1_36' title="bbox 0 0 1471 5002; baseline 0 0"><span class='ocrx_word' id='word_1_265' title='bbox 0 0 1471 5002; x_wconf 95' lang='lat' dir='ltr'> </span> 
     </span>
    </p>
   </div>
  </div>
 </body>
</html>
