2886 5000
320 387 388 462 166
667 405 839 456 urrs'rom
864 407 956 459 xxix.
1095 407 1125 456 ι.
1142 410 1176 457 v.
1194 410 1223 456 c.
1240 409 1288 470 69³

353 509 461 582 ciendo
470 527 505 570 ac
518 506 700 590 disputando
714 508 899 588 diligentiam
912 505 1113 572 commendat
1128 531 1149 590 9
1162 509 1203 574 Et
1217 531 1316 591 quum

350 620 388 680 iis
408 618 461 700 qui
482 617 614 698 praesint
638 615 705 676 aliis
730 617 833 679 omnia
859 615 921 678 buc
940 614 1096 682 referenda
1117 617 1199 690 sint,
1218 619 1317 688 utii,

351 727 405 808 qui
428 723 541 794 fuerint
565 724 598 782 in
623 743 730 800 eorum
755 724 908 805 imperio,
933 723 992 800 siut
1018 742 1111 805 quana
1130 721 1318 794 beatissimi,

336 831 412 902 boo
435 851 455 890 a
479 830 572 910 fratre
599 849 718 890 summa
744 828 897 912 diligentia
924 831 1063 894 ciuatum
1090 850 1173 916 esse,
1196 831 1317 914 singula

350 929 415 1000 eius
435 939 542 998 merita
563 929 765 1020 percensendo
786 935 907 1008 laudat,
928 937 959 995 in
972 938 1266 1026 eamquerati'onem
1279 912 1317 998 ut

349 1065 444 1128 porro
464 1046 546 1105 omni
567 1043 666 1104 studio
685 1042 856 1114 incumbat,
875 1042 1033 1119 hortatum
1052 1064 1087 1104 ιο
1106 1043 1256 1125 ideoque,
1276 1055 1314 1105 ut

349 1151 520 1235 publicanis
539 1170 596 1210 neo
614 1153 739 1212 omuino
765 1147 1039 1222 adversemr3·neo
1058 1153 1095 1212 iis
1119 1162 1223 1211 tamen
1246 1171 1316 1212 om-

316 1288 319 1298 ·
349 1256 574 1330 nia'oonoedat,
593 1268 704 1318 monet.
721 1277 751 1318 ιι
768 1258 909 1340 Denique
930 1269 965 1318 ut
984 1257 1317 1332 iracundiaeresistan

353 1385 389 1426 m
409 1367 595 1446 omninoque
618 1376 718 1426 totum
743 1366 932 1428 animum.‘in
953 1365 1092 1428 omnium
1113 1364 1204 1428 laude
1226 1363 1316 1426 colii-

351 1471 448 1552 genda
461 1482 569 1555 ponat,
589 1469 723 1532 fraterno
743 1492 813 1532 eum
835 1473 940 1534 animo·
957 1482 1054 1552 rugat.
1077 1528 1080 1534 ,
1175 1533 1178 1538 .

473 1714 528 1766 scr.
546 1714 574 1765 in
591 1713 737 1767 Tusculano
754 1714 787 1767 A.
808 1713 840 1766 V.
859 1713 890 1767 C.
907 1712 1018 1766 ncxul
1037 1718 1155 1766 exeunte.
1173 1723 1176 1733 “

588 1891 751 1993 unnaus
765 1873 813 2008 o.
838 1927 983 2036 ιιιιιιι
1006 1931 1036 1992 e.

358 2145 385 2220 Ι.
417 2171 429 2216 ι
460 2143 538 2216 Etsi
563 2164 637 2217 non
663 2141 886 2244 dubitabam,
911 2145 997 2246 quin
1013 2144 1106 2217 hanc
1124 2143 1314 2245 epistolam

123 2295 127 2307 ·
205 2319 208 2326 v
274 2270 410 2354 uulsi
434 2271 564 2370 nuntii,
589 2270 680 2344 fama
708 2270 858 2372 denique
883 2286 976 2350 esset
1000 2273 1108 2371 ipsa¹
1135 2297 1199 2344 sua
1225 2271 1314 2345 ceie-

307 2399 412 2470 n'tate
435 2411 655 2498 superatura,
689 2411 797 2498 tuque
830 2411 913 2470 ante
942 2397 987 2470 ab
1020 2396 1096 2470 aliis
1129 2396 1313 2470 auditurus

308 2547 418 2622 esses,
436 2501 573 2598 annum
595 2523 739 2626 tertium
756 2521 1133 2598 accessissedesiderio
1161 2537 1285 2597 nostro
1297 2540 1314 2572 ²

308 2647 481 2724 et‘lnbori
506 2664 584 2724 tuo:
611 2629 730 2724 tamen
754 2649 950 2724 existimavi
976 2675 1070 2724 ame
1087 2674 1228 2751 quoque
1246 2647 1314 2722 tibi

307 2771 411 2848 huius
436 2775 618 2848 molestiae
651 2777 814 2848 nuntium
838 2775 982 2876 perferri
1014 2790 1187 2876 oportere.
1218 2774 1314 2850 Nam

307 2883 545 2999 superioribus
560 2901 685 3001 literis,
709 2927 783 2974 non
799 2902 894 3001 unis,
921 2902 984 2976 sed
1000 2901 1175 3003 pluribus,
1201 2928 1313 3004 quum

307 3027 378 3100 iam
404 3025 449 3099 ab
475 3026 549 3100 aliis
575 3027 760 3128 desperata
784 3055 839 3102 rus
865 3043 973 3126 esset,
1002 3043 1122 3102 tamen
1153 3053 1219 3128 ego
1247 3028 1312 3101 ribi

306 3178 407 3266 spem
429 3167 587 3229 maturae
614 3154 825 3236 decessionis
852 3083 1058 3253 afferebam,
1082 3181 1156 3228 uon
1181 3153 1311 3251 solum,

305 3293 347 3362 us
356 3302 487 3386 ,quam
491 3257 700 3396 diutissime
722 3298 757 3362 te
782 3281 935 3359 iucunda
962 3282 1129 3382 opinione
1153 3278 1313 3354 oblecta-

304 3426 397 3501 rem,
423 3402 487 3477 sed
509 3394 634 3514 etiam,
651 3411 732 3511 quia
750 3423 848 3482 tanta
866 3408 1099 3484 adhibebatur
1109 3423 1151 3482 et
1167 3433 1189 3481 a
1206 3408 1310 3482 nobis

306 3534 387 3634 et‘a
413 3509 839 3663 praetoribusffibgmntio
853 3537 879 3634 ³,
895 3550 935 3610 ut
959 3561 1034 3610 rem
1059 3561 1163 3638 posse
1181 3535 1311 3610 confici

303 3679 388 3731 non*
403 3656 605 3732 diffiderem.
633 3659 1003 3761 Nurm‘quoniamita
1020 3663 1168 3764 accidit,
1192 3678 1234 3737 ut
1250 3688 1311 3736 ne-

304 3788 374 3882 que'
397 3768 578 3883 praeferes
601 3788 671 3860 suis
689 3777 985 3892 opibus'i,*neque
1002 3817 1068 3864 nos
1086 3804 1209 3863 nostro
1234 3804 1307 3864 stu-

306 3905 377 3982 dio
391 3912 576 4012 quicquam
595 3915 763 4013 proficere
781 3942 983 4017 possemus,
1002 3932 1056 3992 est
1073 3919 1217 3991 omnino
1236 3915 1303 3988 dif-
