<?xml version="1.0" encoding="UTF-8"?>
<!DOCTYPE html PUBLIC "-//W3C//DTD XHTML 1.0 Transitional//EN"
    "http://www.w3.org/TR/xhtml1/DTD/xhtml1-transitional.dtd">
<html xmlns="http://www.w3.org/1999/xhtml" xml:lang="en" lang="en">
 <head>
  <title>
</title>
<meta http-equiv="Content-Type" content="text/html;charset=utf-8" />
  <meta name='ocr-system' content='tesseract 3.04.00' />
  <meta name='ocr-capabilities' content='ocr_page ocr_carea ocr_par ocr_line ocrx_word'/>
</head>
<body>
  <div class='ocr_page' id='page_1' title='image "./mtulliiciceroni76cicegoog_0347.png"; bbox 0 0 2924 5002; ppageno 0'>
   <div class='ocr_carea' id='block_1_1' title="bbox 373 354 1427 1230">
    <p class='ocr_par' dir='ltr' id='par_1_1' title="bbox 373 354 1427 1230">
     <span class='ocr_line' id='line_1_1' title="bbox 377 354 1324 468; baseline 0 -22"><span class='ocrx_word' id='word_1_1' title='bbox 377 374 449 468; x_wconf 71' lang='grc'><strong>314</strong></span> <span class='ocrx_word' id='word_1_2' title='bbox 694 354 915 444; x_wconf 56' lang='grc'>’11111011</span> <span class='ocrx_word' id='word_1_3' title='bbox 940 395 1001 443; x_wconf 76' lang='lat' dir='ltr'><strong>un.</strong></span> <span class='ocrx_word' id='word_1_4' title='bbox 1152 392 1324 459; x_wconf 62' lang='lat' dir='ltr'><strong>ancora</strong></span> 
     </span>
     <span class='ocr_line' id='line_1_2' title="bbox 376 495 1344 599; baseline 0 -27"><span class='ocrx_word' id='word_1_5' title='bbox 376 514 507 572; x_wconf 89' lang='lat' dir='ltr'><strong>stremo</strong></span> <span class='ocrx_word' id='word_1_6' title='bbox 539 498 576 570; x_wconf 92' lang='lat' dir='ltr'><strong>in</strong></span> <span class='ocrx_word' id='word_1_7' title='bbox 609 495 760 598; x_wconf 78' lang='lat' dir='ltr'>aliquem</span> <span class='ocrx_word' id='word_1_8' title='bbox 793 495 1131 570; x_wconf 84' lang='lat' dir='ltr'><strong>contumeliosamm.</strong></span> <span class='ocrx_word' id='word_1_9' title='bbox 1160 499 1265 599; x_wconf 89' lang='lat' dir='ltr'><strong>Atque</strong></span> <span class='ocrx_word' id='word_1_10' title='bbox 1291 526 1344 598; x_wconf 86' lang='lat' dir='ltr'><strong>ego</strong></span> 
     </span>
     <span class='ocr_line' id='line_1_3' title="bbox 374 622 1346 726; baseline -0.002 -28"><span class='ocrx_word' id='word_1_11' title='bbox 374 624 463 698; x_wconf 90' lang='lat' dir='ltr'><strong>haec</strong></span> <span class='ocrx_word' id='word_1_12' title='bbox 488 639 562 698; x_wconf 85' lang='lat' dir='ltr'><strong>tam</strong></span> <span class='ocrx_word' id='word_1_13' title='bbox 577 649 669 724; x_wconf 78' lang='lat' dir='ltr'><strong>asse,</strong></span> <span class='ocrx_word' id='word_1_14' title='bbox 694 649 800 726; x_wconf 91' lang='lat' dir='ltr'><strong>quam</strong></span> <span class='ocrx_word' id='word_1_15' title='bbox 817 622 939 723; x_wconf 76' lang='lat' dir='ltr'><strong>audio,</strong></span> <span class='ocrx_word' id='word_1_16' title='bbox 963 649 1037 696; x_wconf 92' lang='lat' dir='ltr'><strong>non</strong></span> <span class='ocrx_word' id='word_1_17' title='bbox 1054 637 1156 724; x_wconf 90' lang='lat' dir='ltr'><strong>puto:</strong></span> <span class='ocrx_word' id='word_1_18' title='bbox 1181 639 1215 696; x_wconf 87' lang='lat' dir='ltr'><strong>et</strong></span> <span class='ocrx_word' id='word_1_19' title='bbox 1230 626 1256 696; x_wconf 87' lang='lat' dir='ltr'><strong>si</strong></span> <span class='ocrx_word' id='word_1_20' title='bbox 1281 639 1346 696; x_wconf 89' lang='lat' dir='ltr'><strong>sunt</strong></span> 
     </span>
     <span class='ocr_line' id='line_1_4' title="bbox 375 749 1427 853; baseline -0.003 -28"><span class='ocrx_word' id='word_1_21' title='bbox 375 749 667 853; x_wconf 83' lang='lat' dir='ltr'><strong>occupationibus</strong></span> <span class='ocrx_word' id='word_1_22' title='bbox 685 751 754 823; x_wconf 91' lang='lat' dir='ltr'><strong>tuis</strong></span> <span class='ocrx_word' id='word_1_23' title='bbox 770 750 886 822; x_wconf 93' lang='lat' dir='ltr'><strong>minus</strong></span> <span class='ocrx_word' id='word_1_24' title='bbox 904 749 1162 849; x_wconf 86' lang='lat' dir='ltr'><strong>animadversa,</strong></span> <span class='ocrx_word' id='word_1_25' title='bbox 1185 775 1271 823; x_wconf 89' lang='lat' dir='ltr'><strong>nunc</strong></span> <span class='ocrx_word' id='word_1_26' title='bbox 1284 776 1347 849; x_wconf 89' lang='lat' dir='ltr'><strong>per·</strong></span> <span class='ocrx_word' id='word_1_27' title='bbox 1426 817 1427 838; x_wconf 59' lang='grc'>,</span> 
     </span>
     <span class='ocr_line' id='line_1_5' title="bbox 373 876 1427 980; baseline -0.003 -29"><span class='ocrx_word' id='word_1_28' title='bbox 373 879 488 980; x_wconf 77' lang='lat' dir='ltr'><strong>spice,</strong></span> <span class='ocrx_word' id='word_1_29' title='bbox 513 891 549 951; x_wconf 86' lang='lat' dir='ltr'><strong>et</strong></span> <span class='ocrx_word' id='word_1_30' title='bbox 572 904 693 979; x_wconf 86' lang='lat' dir='ltr'><strong>purga.</strong></span> <span class='ocrx_word' id='word_1_31' title='bbox 718 877 805 976; x_wconf 85' lang='lat' dir='ltr'>Legi</span> <span class='ocrx_word' id='word_1_32' title='bbox 830 876 1033 977; x_wconf 83' lang='lat' dir='ltr'><strong>epistolam,</strong></span> <span class='ocrx_word' id='word_1_33' title='bbox 1058 904 1162 980; x_wconf 89' lang='lat' dir='ltr'><strong>quam</strong></span> <span class='ocrx_word' id='word_1_34' title='bbox 1186 877 1256 976; x_wconf 89' lang='lat' dir='ltr'><strong>ipse</strong></span> <span class='ocrx_word' id='word_1_35' title='bbox 1277 876 1346 948; x_wconf 79' lang='lat' dir='ltr'><strong>scri·</strong></span> <span class='ocrx_word' id='word_1_36' title='bbox 1426 927 1427 930; x_wconf 63' lang='lat'>,</span> 
     </span>
     <span class='ocr_line' id='line_1_6' title="bbox 373 1001 1346 1104; baseline -0.005 -27"><span class='ocrx_word' id='word_1_37' title='bbox 373 1006 484 1104; x_wconf 86' lang='lat' dir='ltr'><strong>psisse</strong></span> <span class='ocrx_word' id='word_1_38' title='bbox 509 1003 605 1076; x_wconf 87' lang='lat' dir='ltr'><strong>Sulla</strong></span> <span class='ocrx_word' id='word_1_39' title='bbox 630 1001 873 1078; x_wconf 85' lang='lat' dir='ltr'><strong>nomenclator</strong></span> <span class='ocrx_word' id='word_1_40' title='bbox 898 1001 1013 1078; x_wconf 90' lang='lat' dir='ltr'><strong>dictus</strong></span> <span class='ocrx_word' id='word_1_41' title='bbox 1038 1018 1110 1104; x_wconf 77' lang='lat' dir='ltr'><strong>est,</strong></span> <span class='ocrx_word' id='word_1_42' title='bbox 1132 1029 1203 1077; x_wconf 93' lang='lat' dir='ltr'><strong>non</strong></span> <span class='ocrx_word' id='word_1_43' title='bbox 1218 1001 1346 1104; x_wconf 89' lang='lat' dir='ltr'><strong>proban-</strong></span> 
     </span>
     <span class='ocr_line' id='line_1_7' title="bbox 373 1129 995 1230; baseline -0.002 -25"><span class='ocrx_word' id='word_1_44' title='bbox 373 1131 472 1205; x_wconf 89' lang='lat' dir='ltr'><strong>dam:</strong></span> <span class='ocrx_word' id='word_1_45' title='bbox 497 1131 566 1230; x_wconf 86' lang='lat' dir='ltr'><strong>legi</strong></span> <span class='ocrx_word' id='word_1_46' title='bbox 590 1130 776 1205; x_wconf 91' lang='lat' dir='ltr'><strong>nonnullas</strong></span> <span class='ocrx_word' id='word_1_47' title='bbox 800 1129 995 1204; x_wconf 89' lang='lat' dir='ltr'><strong>iracundas.</strong></span> 
     </span>
    </p>
   </div>
   <div class='ocr_carea' id='block_1_2' title="bbox 421 1255 1344 1359">
    <p class='ocr_par' dir='ltr' id='par_1_2' title="bbox 421 1255 1344 1359">
     <span class='ocr_line' id='line_1_8' title="bbox 421 1255 1344 1359; baseline -0.013 -26"><span class='ocrx_word' id='word_1_48' title='bbox 421 1260 447 1333; x_wconf 89' lang='lat'>6</span> <span class='ocrx_word' id='word_1_49' title='bbox 472 1256 543 1331; x_wconf 85' lang='lat' dir='ltr'><strong>Sed</strong></span> <span class='ocrx_word' id='word_1_50' title='bbox 573 1271 732 1359; x_wconf 76' lang='lat' dir='ltr'><strong>ternpore</strong></span> <span class='ocrx_word' id='word_1_51' title='bbox 756 1259 836 1358; x_wconf 90' lang='lat' dir='ltr'><strong>ipso</strong></span> <span class='ocrx_word' id='word_1_52' title='bbox 870 1257 914 1330; x_wconf 89' lang='lat' dir='ltr'><strong>de</strong></span> <span class='ocrx_word' id='word_1_53' title='bbox 943 1255 1111 1358; x_wconf 85' lang='lat' dir='ltr'><strong>epistolis.</strong></span> <span class='ocrx_word' id='word_1_54' title='bbox 1143 1255 1231 1330; x_wconf 91' lang='lat' dir='ltr'><strong>Nam</strong></span> <span class='ocrx_word' id='word_1_55' title='bbox 1259 1275 1344 1354; x_wconf 88' lang='lat' dir='ltr'><strong>quum</strong></span> 
     </span>
    </p>
   </div>
   <div class='ocr_carea' id='block_1_3' title="bbox 251 1376 1427 1492">
    <p class='ocr_par' dir='ltr' id='par_1_3' title="bbox 251 1376 1427 1492">
     <span class='ocr_line' id='line_1_9' title="bbox 251 1376 1427 1492; baseline -0.007 -37"><span class='ocrx_word' id='word_1_56' title='bbox 251 1419 254 1426; x_wconf 90' lang='grc'><em>·</em></span> <span class='ocrx_word' id='word_1_57' title='bbox 373 1383 464 1456; x_wconf 91' lang='lat' dir='ltr'><strong>hanc</strong></span> <span class='ocrx_word' id='word_1_58' title='bbox 492 1385 660 1484; x_wconf 84' lang='lat' dir='ltr'>paginam</span> <span class='ocrx_word' id='word_1_59' title='bbox 684 1397 859 1482; x_wconf 81' lang='lat' dir='ltr'><strong>tenerem⁷</strong></span> <span class='ocrx_word' id='word_1_60' title='bbox 881 1385 921 1456; x_wconf 90' lang='lat' dir='ltr'><strong>L.</strong></span> <span class='ocrx_word' id='word_1_61' title='bbox 939 1382 1101 1492; x_wconf 78' lang='lat' dir='ltr'><strong>Flavius,</strong></span> <span class='ocrx_word' id='word_1_62' title='bbox 1125 1394 1258 1482; x_wconf 85' lang='lat' dir='ltr'><strong>praetor</strong></span> <span class='ocrx_word' id='word_1_63' title='bbox 1280 1376 1346 1450; x_wconf 88' lang='lat' dir='ltr'><strong>desi·</strong></span> <span class='ocrx_word' id='word_1_64' title='bbox 1426 1451 1427 1468; x_wconf 19' lang='lat' dir='ltr'><strong>q</strong></span> 
     </span>
    </p>
   </div>
   <div class='ocr_carea' id='block_1_4' title="bbox 342 1503 1426 4010">
    <p class='ocr_par' dir='ltr' id='par_1_4' title="bbox 342 1503 1426 2744">
     <span class='ocr_line' id='line_1_10' title="bbox 373 1503 1346 1609; baseline -0.009 -29"><span class='ocrx_word' id='word_1_65' title='bbox 373 1523 518 1609; x_wconf 80' lang='lat' dir='ltr'><strong>gnatus,</strong></span> <span class='ocrx_word' id='word_1_66' title='bbox 544 1510 671 1584; x_wconf 87' lang='lat' dir='ltr'><strong>adme</strong></span> <span class='ocrx_word' id='word_1_67' title='bbox 696 1510 809 1608; x_wconf 80' lang='lat' dir='ltr'><strong>venit,</strong></span> <span class='ocrx_word' id='word_1_68' title='bbox 832 1509 942 1583; x_wconf 93' lang='lat' dir='ltr'><strong>homo</strong></span> <span class='ocrx_word' id='word_1_69' title='bbox 967 1509 1054 1580; x_wconf 88' lang='lat' dir='ltr'><strong>mihi</strong></span> <span class='ocrx_word' id='word_1_70' title='bbox 1071 1508 1175 1584; x_wconf 86' lang='lat' dir='ltr'><strong>valde</strong></span> <span class='ocrx_word' id='word_1_71' title='bbox 1191 1503 1346 1580; x_wconf 82' lang='lat' dir='ltr'><strong>familiaris.</strong></span> 
     </span>
     <span class='ocr_line' id='line_1_11' title="bbox 342 1630 1349 1736; baseline -0.012 -27"><span class='ocrx_word' id='word_1_72' title='bbox 342 1650 347 1658; x_wconf 88' lang='lat'>&#39;</span> <span class='ocrx_word' id='word_1_73' title='bbox 371 1637 407 1709; x_wconf 90' lang='lat' dir='ltr'><strong>Is</strong></span> <span class='ocrx_word' id='word_1_74' title='bbox 424 1637 527 1735; x_wconf 84' lang='lat' dir='ltr'><strong>mihi,</strong></span> <span class='ocrx_word' id='word_1_75' title='bbox 545 1651 580 1709; x_wconf 93' lang='lat' dir='ltr'><strong>te</strong></span> <span class='ocrx_word' id='word_1_76' title='bbox 595 1638 627 1685; x_wconf 83' lang='lat'><strong>²³</strong></span> <span class='ocrx_word' id='word_1_77' title='bbox 646 1634 692 1708; x_wconf 91' lang='lat' dir='ltr'><strong>ad</strong></span> <span class='ocrx_word' id='word_1_78' title='bbox 708 1649 956 1736; x_wconf 81' lang='lat' dir='ltr'>procuratores</span> <span class='ocrx_word' id='word_1_79' title='bbox 982 1661 1064 1709; x_wconf 90' lang='lat' dir='ltr'><strong>suos</strong></span> <span class='ocrx_word' id='word_1_80' title='bbox 1090 1635 1206 1709; x_wconf 80' lang='lat' dir='ltr'>literas</span> <span class='ocrx_word' id='word_1_81' title='bbox 1229 1630 1349 1724; x_wconf 81' lang='lat' dir='ltr'><strong>misisse,</strong></span> 
     </span>
     <span class='ocr_line' id='line_1_12' title="bbox 373 1737 1348 1864; baseline -0.011 -30"><span class='ocrx_word' id='word_1_82' title='bbox 373 1788 462 1862; x_wconf 91' lang='lat' dir='ltr'><strong>quae</strong></span> <span class='ocrx_word' id='word_1_83' title='bbox 484 1761 574 1840; x_wconf 90' lang='lat' dir='ltr'><strong>mihi</strong></span> <span class='ocrx_word' id='word_1_84' title='bbox 601 1762 696 1835; x_wconf 84' lang='lat' dir='ltr'><strong>visae</strong></span> <span class='ocrx_word' id='word_1_85' title='bbox 714 1737 797 1834; x_wconf 89' lang='lat' dir='ltr'><strong>sunt</strong></span> <span class='ocrx_word' id='word_1_86' title='bbox 812 1761 1065 1864; x_wconf 83' lang='lat' dir='ltr'><strong>iniquissimae,</strong></span> <span class='ocrx_word' id='word_1_87' title='bbox 1091 1788 1137 1834; x_wconf 92' lang='lat' dir='ltr'><strong>ne</strong></span> <span class='ocrx_word' id='word_1_88' title='bbox 1155 1757 1233 1864; x_wconf 90' lang='lat' dir='ltr'><strong>quid</strong></span> <span class='ocrx_word' id='word_1_89' title='bbox 1250 1755 1285 1828; x_wconf 91' lang='lat' dir='ltr'><strong>de</strong></span> <span class='ocrx_word' id='word_1_90' title='bbox 1298 1753 1348 1824; x_wconf 85' lang='lat' dir='ltr'><strong>bo-</strong></span> 
     </span>
     <span class='ocr_line' id='line_1_13' title="bbox 371 1877 1346 1986; baseline -0.012 -26"><span class='ocrx_word' id='word_1_91' title='bbox 371 1887 443 1984; x_wconf 80' lang='lat' dir='ltr'><strong>nis,</strong></span> <span class='ocrx_word' id='word_1_92' title='bbox 469 1913 557 1986; x_wconf 89' lang='lat' dir='ltr'><strong>quae</strong></span> <span class='ocrx_word' id='word_1_93' title='bbox 582 1889 626 1959; x_wconf 90' lang='lat' dir='ltr'><strong>L.</strong></span> <span class='ocrx_word' id='word_1_94' title='bbox 643 1887 784 1959; x_wconf 86' lang='lat' dir='ltr'><strong>Octavii</strong></span> <span class='ocrx_word' id='word_1_95' title='bbox 809 1886 959 1960; x_wconf 85' lang='lat' dir='ltr'><strong>Nasonis</strong></span> <span class='ocrx_word' id='word_1_96' title='bbox 975 1887 1143 1986; x_wconf 67' lang='lat' dir='ltr'><strong>fixissent,</strong></span> <span class='ocrx_word' id='word_1_97' title='bbox 1168 1886 1221 1959; x_wconf 88' lang='lat' dir='ltr'><strong>cui</strong></span> <span class='ocrx_word' id='word_1_98' title='bbox 1235 1887 1268 1956; x_wconf 87' lang='lat' dir='ltr'><strong>L.</strong></span> <span class='ocrx_word' id='word_1_99' title='bbox 1284 1877 1346 1952; x_wconf 87' lang='lat' dir='ltr'><strong>Fla-</strong></span> 
     </span>
     <span class='ocr_line' id='line_1_14' title="bbox 371 2007 1346 2114; baseline -0.005 -30"><span class='ocrx_word' id='word_1_100' title='bbox 371 2013 449 2084; x_wconf 86' lang='lat' dir='ltr'><strong>vius</strong></span> <span class='ocrx_word' id='word_1_101' title='bbox 474 2011 575 2084; x_wconf 90' lang='lat' dir='ltr'><strong>heres</strong></span> <span class='ocrx_word' id='word_1_102' title='bbox 605 2025 679 2111; x_wconf 78' lang='lat' dir='ltr'><strong>est,</strong></span> <span class='ocrx_word' id='word_1_103' title='bbox 704 2010 947 2086; x_wconf 88' lang='lat' dir='ltr'><strong>deminuerent</strong></span> <span class='ocrx_word' id='word_1_104' title='bbox 970 2027 1070 2112; x_wconf 85' lang='lat' dir='ltr'><strong>ante,</strong></span> <span class='ocrx_word' id='word_1_105' title='bbox 1096 2039 1200 2114; x_wconf 90' lang='lat' dir='ltr'><strong>quam</strong></span> <span class='ocrx_word' id='word_1_106' title='bbox 1224 2011 1257 2084; x_wconf 90' lang='lat' dir='ltr'><strong>C.</strong></span> <span class='ocrx_word' id='word_1_107' title='bbox 1271 2007 1346 2079; x_wconf 79' lang='lat' dir='ltr'><strong>Fun-</strong></span> 
     </span>
     <span class='ocr_line' id='line_1_15' title="bbox 373 2126 1347 2241; baseline -0.011 -32"><span class='ocrx_word' id='word_1_108' title='bbox 373 2135 479 2210; x_wconf 88' lang='lat' dir='ltr'><strong>danio</strong></span> <span class='ocrx_word' id='word_1_109' title='bbox 511 2138 700 2238; x_wconf 92' lang='lat' dir='ltr'><strong>pecuniam</strong></span> <span class='ocrx_word' id='word_1_110' title='bbox 737 2137 942 2211; x_wconf 87' lang='lat' dir='ltr'><strong>solvissent:</strong></span> <span class='ocrx_word' id='word_1_111' title='bbox 977 2140 1136 2241; x_wconf 80' lang='lat' dir='ltr'><strong>itemque</strong></span> <span class='ocrx_word' id='word_1_112' title='bbox 1169 2137 1287 2210; x_wconf 88' lang='lat' dir='ltr'><strong>misisse</strong></span> <span class='ocrx_word' id='word_1_113' title='bbox 1312 2126 1347 2200; x_wconf 89' lang='lat' dir='ltr'><strong>ad</strong></span> 
     </span>
     <span class='ocr_line' id='line_1_16' title="bbox 371 2249 1347 2368; baseline -0.01 -33"><span class='ocrx_word' id='word_1_114' title='bbox 371 2261 696 2364; x_wconf 78' lang='lat' dir='ltr'><strong>Apollonidienses,</strong></span> <span class='ocrx_word' id='word_1_115' title='bbox 720 2290 765 2336; x_wconf 91' lang='lat' dir='ltr'><strong>ne</strong></span> <span class='ocrx_word' id='word_1_116' title='bbox 792 2263 981 2365; x_wconf 81' lang='lat' dir='ltr'><strong>debonis,</strong></span> <span class='ocrx_word' id='word_1_117' title='bbox 1007 2249 1100 2368; x_wconf 88' lang='lat' dir='ltr'><strong>quae</strong></span> <span class='ocrx_word' id='word_1_118' title='bbox 1127 2263 1258 2346; x_wconf 86' lang='lat' dir='ltr'><strong>Octavii</strong></span> <span class='ocrx_word' id='word_1_119' title='bbox 1282 2255 1347 2329; x_wconf 87' lang='lat' dir='ltr'><strong>suis·</strong></span> 
     </span>
     <span class='ocr_line' id='line_1_17' title="bbox 371 2382 1346 2494; baseline -0.007 -35"><span class='ocrx_word' id='word_1_120' title='bbox 371 2403 472 2488; x_wconf 79' lang='lat' dir='ltr'><strong>sent,</strong></span> <span class='ocrx_word' id='word_1_121' title='bbox 505 2389 661 2462; x_wconf 87' lang='lat' dir='ltr'><strong>deminui</strong></span> <span class='ocrx_word' id='word_1_122' title='bbox 694 2404 915 2492; x_wconf 78' lang='lat' dir='ltr'><strong>paterentur,</strong></span> <span class='ocrx_word' id='word_1_123' title='bbox 953 2392 1162 2494; x_wconf 89' lang='lat' dir='ltr'><strong>priusquam</strong></span> <span class='ocrx_word' id='word_1_124' title='bbox 1192 2382 1346 2464; x_wconf 83' lang='lat' dir='ltr'><strong>Fundanio</strong></span> 
     </span>
     <span class='ocr_line' id='line_1_18' title="bbox 372 2493 1426 2594; baseline -0.008 -8"><span class='ocrx_word' id='word_1_125' title='bbox 372 2511 530 2588; x_wconf 83' lang='lat' dir='ltr'><strong>debitum</strong></span> <span class='ocrx_word' id='word_1_126' title='bbox 555 2516 710 2590; x_wconf 86' lang='lat' dir='ltr'><strong>solutum</strong></span> <span class='ocrx_word' id='word_1_127' title='bbox 729 2532 828 2591; x_wconf 90' lang='lat' dir='ltr'><strong>esset.</strong></span> <span class='ocrx_word' id='word_1_128' title='bbox 854 2517 951 2590; x_wconf 88' lang='lat' dir='ltr'><strong>Haec</strong></span> <span class='ocrx_word' id='word_1_129' title='bbox 975 2517 1066 2592; x_wconf 89' lang='lat' dir='ltr'><strong>mihi</strong></span> <span class='ocrx_word' id='word_1_130' title='bbox 1083 2515 1272 2594; x_wconf 90' lang='lat' dir='ltr'><strong>verisimilia</strong></span> <span class='ocrx_word' id='word_1_131' title='bbox 1290 2531 1346 2581; x_wconf 90' lang='lat' dir='ltr'><strong>non</strong></span> <span class='ocrx_word' id='word_1_132' title='bbox 1424 2493 1426 2572; x_wconf 76' lang='lat' dir='ltr'><strong>i</strong></span> 
     </span>
     <span class='ocr_line' id='line_1_19' title="bbox 371 2629 1345 2744; baseline -0.008 -32"><span class='ocrx_word' id='word_1_133' title='bbox 371 2639 544 2716; x_wconf 87' lang='lat' dir='ltr'><strong>videntur.</strong></span> <span class='ocrx_word' id='word_1_134' title='bbox 571 2629 660 2716; x_wconf 85' lang='lat' dir='ltr'><strong>Sunt</strong></span> <span class='ocrx_word' id='word_1_135' title='bbox 685 2645 780 2716; x_wconf 76' lang='lat' dir='ltr'><strong>araim</strong></span> <span class='ocrx_word' id='word_1_136' title='bbox 806 2671 825 2718; x_wconf 90' lang='lat' dir='ltr'><strong>a</strong></span> <span class='ocrx_word' id='word_1_137' title='bbox 850 2643 1038 2744; x_wconf 87' lang='lat' dir='ltr'><strong>prudentia</strong></span> <span class='ocrx_word' id='word_1_138' title='bbox 1058 2660 1121 2718; x_wconf 93' lang='lat' dir='ltr'><strong>tua</strong></span> <span class='ocrx_word' id='word_1_139' title='bbox 1140 2639 1345 2719; x_wconf 86' lang='lat' dir='ltr'><strong>remotissima.</strong></span> 
     </span>
    </p>

    <p class='ocr_par' dir='ltr' id='par_1_5' title="bbox 371 2757 1347 2863">
     <span class='ocr_line' id='line_1_20' title="bbox 371 2757 1347 2863; baseline 0.001 -22"><span class='ocrx_word' id='word_1_140' title='bbox 371 2768 426 2841; x_wconf 89' lang='lat' dir='ltr'><strong>Ne</strong></span> <span class='ocrx_word' id='word_1_141' title='bbox 452 2766 632 2847; x_wconf 89' lang='lat' dir='ltr'><strong>deminuat</strong></span> <span class='ocrx_word' id='word_1_142' title='bbox 657 2768 780 2844; x_wconf 82' lang='lat' dir='ltr'><strong>heresi</strong></span> <span class='ocrx_word' id='word_1_143' title='bbox 806 2769 903 2863; x_wconf 92' lang='lat' dir='ltr'><strong>Quid</strong></span> <span class='ocrx_word' id='word_1_144' title='bbox 919 2772 949 2842; x_wconf 92' lang='lat' dir='ltr'><strong>si</strong></span> <span class='ocrx_word' id='word_1_145' title='bbox 966 2771 1163 2846; x_wconf 68' lang='lat' dir='ltr'><strong>infitiatur?</strong></span> <span class='ocrx_word' id='word_1_146' title='bbox 1181 2769 1212 2836; x_wconf 77' lang='lat'><strong>²4</strong></span> <span class='ocrx_word' id='word_1_147' title='bbox 1235 2760 1313 2859; x_wconf 84' lang='lat' dir='ltr'><strong>Quid</strong></span> <span class='ocrx_word' id='word_1_148' title='bbox 1326 2757 1347 2830; x_wconf 72' lang='lat' dir='ltr'><strong>Sl</strong></span> 
     </span>
    </p>

    <p class='ocr_par' dir='ltr' id='par_1_6' title="bbox 371 2890 1345 2997">
     <span class='ocr_line' id='line_1_21' title="bbox 371 2890 1345 2997; baseline -0.007 -31"><span class='ocrx_word' id='word_1_149' title='bbox 371 2896 515 2968; x_wconf 90' lang='lat' dir='ltr'><strong>omnino</strong></span> <span class='ocrx_word' id='word_1_150' title='bbox 531 2919 605 2968; x_wconf 90' lang='lat' dir='ltr'><strong>non</strong></span> <span class='ocrx_word' id='word_1_151' title='bbox 623 2894 792 2969; x_wconf 68' lang='lat' dir='ltr'><strong>debetur?</strong></span> <span class='ocrx_word' id='word_1_152' title='bbox 810 2895 928 2989; x_wconf 72' lang='lat' dir='ltr'><strong>Quid?</strong></span> <span class='ocrx_word' id='word_1_153' title='bbox 953 2911 1099 2997; x_wconf 87' lang='lat' dir='ltr'><strong>praetor</strong></span> <span class='ocrx_word' id='word_1_154' title='bbox 1116 2897 1205 2972; x_wconf 88' lang='lat' dir='ltr'><strong>solet</strong></span> <span class='ocrx_word' id='word_1_155' title='bbox 1222 2890 1345 2966; x_wconf 84' lang='lat' dir='ltr'><strong>iudicare</strong></span> 
     </span>
    </p>

    <p class='ocr_par' dir='ltr' id='par_1_7' title="bbox 371 3017 1346 3122">
     <span class='ocr_line' id='line_1_22' title="bbox 371 3017 1346 3122; baseline -0.003 -29"><span class='ocrx_word' id='word_1_156' title='bbox 371 3017 512 3094; x_wconf 79' lang='lat' dir='ltr'><strong>deberit</strong></span> <span class='ocrx_word' id='word_1_157' title='bbox 528 3023 560 3072; x_wconf 82' lang='lat'><strong>²⁵</strong></span> <span class='ocrx_word' id='word_1_158' title='bbox 586 3021 704 3114; x_wconf 77' lang='lat' dir='ltr'><strong>Quid?</strong></span> <span class='ocrx_word' id='word_1_159' title='bbox 729 3048 794 3121; x_wconf 82' lang='lat' dir='ltr'><strong>ego</strong></span> <span class='ocrx_word' id='word_1_160' title='bbox 827 3022 1016 3099; x_wconf 86' lang='lat' dir='ltr'><strong>Fundanio</strong></span> <span class='ocrx_word' id='word_1_161' title='bbox 1046 3051 1125 3098; x_wconf 90' lang='lat' dir='ltr'><strong>non</strong></span> <span class='ocrx_word' id='word_1_162' title='bbox 1151 3018 1268 3122; x_wconf 69' lang='lat' dir='ltr'><strong>cupio?</strong></span> <span class='ocrx_word' id='word_1_163' title='bbox 1291 3034 1346 3085; x_wconf 82' lang='lat' dir='ltr'><strong>11⁰ss</strong></span> 
     </span>
    </p>

    <p class='ocr_par' dir='ltr' id='par_1_8' title="bbox 368 3125 1424 3506">
     <span class='ocr_line' id='line_1_23' title="bbox 371 3147 1347 3228; baseline -0.005 -11"><span class='ocrx_word' id='word_1_164' title='bbox 371 3148 502 3221; x_wconf 88' lang='lat' dir='ltr'><strong>amicus</strong></span> <span class='ocrx_word' id='word_1_165' title='bbox 519 3149 614 3221; x_wconf 80' lang='lat' dir='ltr'><strong>sumi</strong></span> <span class='ocrx_word' id='word_1_166' title='bbox 639 3175 711 3223; x_wconf 92' lang='lat' dir='ltr'><strong>non</strong></span> <span class='ocrx_word' id='word_1_167' title='bbox 729 3149 968 3223; x_wconf 88' lang='lat' dir='ltr'><strong>misericordia</strong></span> <span class='ocrx_word' id='word_1_168' title='bbox 983 3151 1157 3228; x_wconf 68' lang='lat' dir='ltr'><strong>moveor?</strong></span> <span class='ocrx_word' id='word_1_169' title='bbox 1174 3147 1277 3223; x_wconf 89' lang='lat' dir='ltr'><strong>Nemo</strong></span> <span class='ocrx_word' id='word_1_170' title='bbox 1290 3161 1347 3213; x_wconf 85' lang='lat' dir='ltr'><strong>ma·</strong></span> 
     </span>
     <span class='ocr_line' id='line_1_24' title="bbox 370 3270 1345 3379; baseline -0.008 -36"><span class='ocrx_word' id='word_1_171' title='bbox 370 3270 438 3368; x_wconf 87' lang='lat' dir='ltr'><strong>gis:</strong></span> <span class='ocrx_word' id='word_1_172' title='bbox 465 3272 528 3345; x_wconf 88' lang='lat' dir='ltr'><strong>sed</strong></span> <span class='ocrx_word' id='word_1_173' title='bbox 553 3277 611 3347; x_wconf 88' lang='lat' dir='ltr'><strong>via</strong></span> <span class='ocrx_word' id='word_1_174' title='bbox 636 3276 719 3349; x_wconf 90' lang='lat' dir='ltr'><strong>iuris</strong></span> <span class='ocrx_word' id='word_1_175' title='bbox 745 3275 917 3350; x_wconf 90' lang='lat' dir='ltr'><strong>eiusmodi</strong></span> <span class='ocrx_word' id='word_1_176' title='bbox 942 3291 996 3350; x_wconf 89' lang='lat' dir='ltr'><strong>est</strong></span> <span class='ocrx_word' id='word_1_177' title='bbox 1021 3275 1233 3379; x_wconf 87' lang='lat' dir='ltr'><strong>quibusdam</strong></span> <span class='ocrx_word' id='word_1_178' title='bbox 1253 3271 1285 3341; x_wconf 90' lang='lat' dir='ltr'><strong>in</strong></span> <span class='ocrx_word' id='word_1_179' title='bbox 1306 3287 1345 3337; x_wconf 86' lang='lat' dir='ltr'><strong>re·</strong></span> 
     </span>
     <span class='ocr_line' id='line_1_25' title="bbox 368 3387 1346 3506; baseline 0.002 -38"><span class='ocrx_word' id='word_1_180' title='bbox 368 3393 455 3498; x_wconf 75' lang='lat' dir='ltr'><strong>bus,</strong></span> <span class='ocrx_word' id='word_1_181' title='bbox 477 3413 517 3471; x_wconf 91' lang='lat' dir='ltr'><strong>ut</strong></span> <span class='ocrx_word' id='word_1_182' title='bbox 542 3399 630 3472; x_wconf 90' lang='lat' dir='ltr'><strong>nihil</strong></span> <span class='ocrx_word' id='word_1_183' title='bbox 656 3403 701 3474; x_wconf 86' lang='lat' dir='ltr'><strong>sit</strong></span> <span class='ocrx_word' id='word_1_184' title='bbox 724 3400 795 3476; x_wconf 89' lang='lat' dir='ltr'><strong>loci</strong></span> <span class='ocrx_word' id='word_1_185' title='bbox 822 3403 958 3502; x_wconf 85' lang='lat' dir='ltr'><strong>gratiae.</strong></span> <span class='ocrx_word' id='word_1_186' title='bbox 984 3402 1105 3506; x_wconf 86' lang='lat' dir='ltr'><strong>Atque</strong></span> <span class='ocrx_word' id='word_1_187' title='bbox 1130 3406 1179 3476; x_wconf 90' lang='lat' dir='ltr'><strong>ita</strong></span> <span class='ocrx_word' id='word_1_188' title='bbox 1203 3397 1280 3475; x_wconf 86' lang='lat' dir='ltr'><strong>mihi</strong></span> <span class='ocrx_word' id='word_1_189' title='bbox 1306 3387 1346 3460; x_wconf 67' lang='lat' dir='ltr'><strong>di·</strong></span> 
     </span>
    </p>

    <p class='ocr_par' dir='ltr' id='par_1_9' title="bbox 371 3521 1348 3630">
     <span class='ocr_line' id='line_1_26' title="bbox 371 3521 1348 3630; baseline 0.007 -37"><span class='ocrx_word' id='word_1_190' title='bbox 371 3521 474 3597; x_wconf 88' lang='lat' dir='ltr'><strong>cebat</strong></span> <span class='ocrx_word' id='word_1_191' title='bbox 505 3525 665 3601; x_wconf 83' lang='lat' dir='ltr'><strong>Flavius·</strong></span> <span class='ocrx_word' id='word_1_192' title='bbox 688 3530 858 3630; x_wconf 92' lang='lat' dir='ltr'><strong>scriptum</strong></span> <span class='ocrx_word' id='word_1_193' title='bbox 890 3530 928 3602; x_wconf 92' lang='lat' dir='ltr'><strong>in</strong></span> <span class='ocrx_word' id='word_1_194' title='bbox 960 3555 1001 3601; x_wconf 89' lang='lat' dir='ltr'><strong>ea</strong></span> <span class='ocrx_word' id='word_1_195' title='bbox 1034 3528 1187 3629; x_wconf 87' lang='lat' dir='ltr'><strong>epistola</strong></span> <span class='ocrx_word' id='word_1_196' title='bbox 1205 3528 1245 3626; x_wconf 75' lang='lat'><strong>²⁶,</strong></span> <span class='ocrx_word' id='word_1_197' title='bbox 1266 3537 1348 3621; x_wconf 87' lang='lat' dir='ltr'><strong>quam</strong></span> 
     </span>
    </p>

    <p class='ocr_par' dir='ltr' id='par_1_10' title="bbox 369 3642 1422 4010">
     <span class='ocr_line' id='line_1_27' title="bbox 369 3642 1422 3757; baseline 0.004 -37"><span class='ocrx_word' id='word_1_198' title='bbox 369 3662 467 3722; x_wconf 86' lang='lat' dir='ltr'><strong>tuam</strong></span> <span class='ocrx_word' id='word_1_199' title='bbox 492 3678 568 3725; x_wconf 87' lang='lat' dir='ltr'><strong>esse</strong></span> <span class='ocrx_word' id='word_1_200' title='bbox 595 3653 750 3755; x_wconf 85' lang='lat' dir='ltr'><strong>dicebat,</strong></span> <span class='ocrx_word' id='word_1_201' title='bbox 775 3670 810 3730; x_wconf 92' lang='lat' dir='ltr'><strong>te</strong></span> <span class='ocrx_word' id='word_1_202' title='bbox 827 3668 889 3728; x_wconf 90' lang='lat' dir='ltr'><strong>aut</strong></span> <span class='ocrx_word' id='word_1_203' title='bbox 906 3656 1004 3757; x_wconf 91' lang='lat' dir='ltr'><strong>quasi</strong></span> <span class='ocrx_word' id='word_1_204' title='bbox 1021 3657 1145 3736; x_wconf 84' lang='lat' dir='ltr'><strong>amicis</strong></span> <span class='ocrx_word' id='word_1_205' title='bbox 1163 3655 1230 3728; x_wconf 91' lang='lat' dir='ltr'><strong>tuis</strong></span> <span class='ocrx_word' id='word_1_206' title='bbox 1246 3642 1345 3750; x_wconf 80' lang='lat' dir='ltr'><strong>gratias</strong></span> <span class='ocrx_word' id='word_1_207' title='bbox 1420 3675 1422 3752; x_wconf 54' lang='lat' dir='ltr'><strong>q</strong></span> 
     </span>
     <span class='ocr_line' id='line_1_28' title="bbox 369 3757 1421 3884; baseline -0.002 -37"><span class='ocrx_word' id='word_1_208' title='bbox 369 3767 546 3879; x_wconf 80' lang='lat' dir='ltr'><strong>acturum,</strong></span> <span class='ocrx_word' id='word_1_209' title='bbox 570 3782 759 3884; x_wconf 82' lang='lat' dir='ltr'><strong>autquasi</strong></span> <span class='ocrx_word' id='word_1_210' title='bbox 783 3781 934 3854; x_wconf 89' lang='lat' dir='ltr'><strong>inimicis</strong></span> <span class='ocrx_word' id='word_1_211' title='bbox 959 3783 1190 3856; x_wconf 90' lang='lat' dir='ltr'><strong>incommoda</strong></span> <span class='ocrx_word' id='word_1_212' title='bbox 1213 3780 1345 3852; x_wconf 83' lang='lat' dir='ltr'><strong>laturum·</strong></span> <span class='ocrx_word' id='word_1_213' title='bbox 1420 3757 1421 3766; x_wconf 8' lang='grc' dir='ltr'>ἵ</span> 
     </span>
     <span class='ocr_line' id='line_1_29' title="bbox 369 3901 1420 4010; baseline -0.008 -34"><span class='ocrx_word' id='word_1_214' title='bbox 369 3901 465 3996; x_wconf 84' lang='lat' dir='ltr'><strong>Quid</strong></span> <span class='ocrx_word' id='word_1_215' title='bbox 481 3905 614 3982; x_wconf 71' lang='lat' dir='ltr'><strong>multa?</strong></span> <span class='ocrx_word' id='word_1_216' title='bbox 638 3906 771 3982; x_wconf 86' lang='lat' dir='ltr'><strong>ferebat</strong></span> <span class='ocrx_word' id='word_1_217' title='bbox 794 3908 959 4009; x_wconf 70' lang='lat' dir='ltr'><strong>graviter,</strong></span> <span class='ocrx_word' id='word_1_218' title='bbox 979 3907 1088 4010; x_wconf 90' lang='lat' dir='ltr'><strong>idque</strong></span> <span class='ocrx_word' id='word_1_219' title='bbox 1107 3907 1346 3985; x_wconf 67' lang='lat' dir='ltr'><strong>vehementur</strong></span> <span class='ocrx_word' id='word_1_220' title='bbox 1419 3963 1420 3984; x_wconf 59' lang='grc'>,</span> 
     </span>
    </p>
   </div>
   <div class='ocr_carea' id='block_1_5' title="bbox 1414 3992 1419 4106">
    <p class='ocr_par' dir='ltr' id='par_1_11' title="bbox 1414 3992 1419 4106">
     <span class='ocr_line' id='line_1_30' title="bbox 1414 3992 1419 4106; baseline 0 0"><span class='ocrx_word' id='word_1_221' title='bbox 1414 3992 1419 4106; x_wconf 76' lang='lat' dir='ltr'><strong>i</strong></span> 
     </span>
    </p>
   </div>
   <div class='ocr_carea' id='block_1_6' title="bbox 0 0 1466 5002">
    <p class='ocr_par' dir='ltr' id='par_1_12' title="bbox 0 0 1466 5002">
     <span class='ocr_line' id='line_1_31' title="bbox 0 0 1466 5002; baseline 0 1"><span class='ocrx_word' id='word_1_222' title='bbox 0 0 1466 5002; x_wconf 95' lang='lat' dir='ltr'><strong> </strong></span> 
     </span>
    </p>
   </div>
  </div>
 </body>
</html>
