2932 5000
508 452 543 498 m
571 448 760 498 arrsroms
1069 429 1146 526 423¹

136 548 157 609 5
180 549 218 610 H.
240 571 265 610 e.
286 559 395 631 negant
415 559 458 609 est
479 553 506 610 ei
528 550 603 612 fides
625 550 763 633 publica,
785 554 846 612 sive
860 553 1023 635 impunitas
1037 567 1143 636 postu-

178 657 255 728 lata,
270 659 292 715 si
307 656 382 716 alios
403 659 499 716 socios
520 655 686 717 indicasset.
709 659 748 717 At
761 659 784 718 si
798 656 890 720 fidem
904 657 1057 741 publicam
1070 662 1143 723 Vet-

176 765 236 823 tius
255 783 317 822 non
338 761 489 834 obtinuit,
510 783 564 822 cur
592 773 638 824 tot
658 765 754 824 socios
784 764 928 826 indicavit
953 766 1092 828 facinoris
1113 781 1144 828 et
1239 817 1241 824 ,

180 869 345 930 Curionem
360 880 389 929 et
401 868 543 929 Paullum
563 880 753 950 ceterosque,
767 872 820 952 qui
833 874 1017 953 sequuntur?
1039 875 1143 956 ltaque
1212 912 1217 925 ·

128 981 132 992 ’
177 973 298 1048 Rosius,
313 978 385 1058 quia
399 978 431 1036 in
450 974 516 1036 cod.
529 976 697 1036 Decurtato
710 978 827 1038 invenit
842 991 906 1050 ortt,
921 983 1050 1040 correxit
1063 966 1145 1040 liaud

134 1131 137 1141 .
177 1083 369 1143 mclaasatum
388 1101 429 1154 a,
450 1081 534 1163 quod
555 1093 585 1143 et
605 1082 698 1164 vulgo
713 1094 869 1166 receptum
882 1085 957 1161 fuit3
976 1085 1144 1167 Malaspina

178 1209 252 1249 vero
272 1190 396 1250 murrum
417 1201 474 1260 est,
495 1189 556 1250 scil.
578 1189 617 1250 ad
637 1199 776 1252 senatum
790 1190 827 1252 de
845 1193 1024 1274 impunitate
1039 1191 1142 1254 Vettii.

177 1296 297 1357 Horum
307 1298 548 1380 interpretationi
560 1296 745 1378 refragatur,
760 1298 843 1379 quod
853 1310 924 1381 post
935 1299 1060 1370 dicitur,
1070 1298 1145 1360 Vet·

176 1406 252 1465 tium
267 1405 298 1463 in
314 1403 432 1464 vincula
446 1406 616 1464 coniectum
630 1403 730 1464 fuisse.
750 1405 855 1486 Neque
868 1404 950 1466 dicas
965 1425 1034 1466 cum
1048 1403 1143 1465 Erne-

177 1512 250 1582 stio‚
271 1513 440 1572 conlectam
460 1510 553 1571 fuisse
572 1508 612 1572 ob
626 1509 758 1584 facinus,
772 1511 811 1572 ad
825 1511 909 1594 quod
926 1510 1001 1574 fides
1020 1510 1144 1594 publica

174 1639 238 1678 non
256 1620 439 1702 pertineret,
458 1616 602 1678 etfldem
622 1616 780 1700 publicam
801 1619 993 1702 postulatam
1008 1640 1026 1678 a
1040 1599 1143 1680 Vettio

174 1723 314 1786 nonsibi
335 1725 446 1796 fuisse,
467 1724 519 1784 sed
539 1725 642 1797 sociis,
663 1747 739 1808 quos
761 1737 826 1786 erat
845 1726 1041 1788 indicaturus.
1066 1727 1143 1786 Nam

175 1831 295 1892 Vettius
316 1829 383 1890 ideo
405 1829 558 1890 indicabat
578 1833 690 1904 socios,
711 1842 746 1891 ut
762 1853 827 1892 cos
848 1832 885 1894 de
913 1832 1038 1893 consilio
1066 1832 1142 1892 Cae-

175 1941 249 2000 saris
268 1937 416 2020 perderet.
437 1940 559 2019 Itaque,
580 1959 676 2020 quum
690 1937 761 1998 libri
776 1959 881 2000 omnes
895 1940 1088 2000 reclamatum
1101 1949 1145 1998 est

173 2043 320 2116 habeant,
340 2043 503 2105 dicendum
516 2055 561 2105 cst
573 2066 644 2106 cum
662 2043 823 2118 Sebiitcio,
838 2055 990 2106 senatores
1007 2046 1143 2106 Vettium

174 2150 368 2233 obiurgasse‚
389 2151 473 2232 quod
491 2151 643 2212 malitiose
664 2171 734 2212 eum
756 2173 846 2232 agere
870 2156 1029 2222 sentirent,
1056 2153 1143 2232 eique

177 2260 358 2342 imperasse,
379 2268 414 2317 ut
435 2259 498 2317 sine
519 2256 699 2339 ambagibus
719 2256 874 2320 indicaret.
896 2257 1036 2318 Ceterum
1050 2276 1112 2316 non
1126 2277 1144 2314 a

175 2364 321 2436 Caesare,
343 2364 394 2424 sed
415 2385 433 2423 a
461 2363 605 2424 Cicerone
632 2374 662 2424 et
687 2364 818 2424 Lucullo
847 2362 1047 2424 subornatum
1067 2361 1142 2424 Vet-

175 2473 253 2532 tium
280 2470 373 2531 tradit
398 2472 458 2530 Dio
472 2471 668 2543 XXXVIII,
687 2493 722 2554 93
745 2473 796 2552 qui
822 2481 922 2531 tamen
944 2490 1033 2552 saepe
1060 2468 1143 2528 Cice-

174 2579 243 2638 roni
264 2579 387 2658 iniquus
411 2575 462 2637 hic
483 2577 608 2638 fallitur.
637 2577 744 2638 Melius
771 2597 837 2637 rem
862 2575 967 2637 narrat¹
987 2576 1143 2656 Appianas

172 2683 209 2745 B.
231 2683 295 2743 Civ.
317 2685 365 2755 II,
391 2685 441 2744 13:
465 2709 482 2740 a
497 2685 619 2744 interea
639 2683 758 2746 Vettius
779 2682 904 2765 quidam
924 2703 941 2741 e
961 2679 1050 2764 plebe
1069 2699 1143 2761 pro·

177 2819 195 2846 u
216 2794 312 2852 currit
324 2795 355 2851 in
369 2790 503 2851 medium
520 2793 654 2854 strictam
673 2794 764 2852 sicam
780 2800 948 2861 ostentans,
968 2788 1144 2867 dicensque,

179 2925 197 2954 a
218 2919 249 2958 se
270 2891 457 2964 submissuni
475 2919 493 2958 a
513 2897 624 2959 Bibulo
646 2908 675 2960 et
697 2898 841 2958 Cicerone
855 2907 945 2978 atque
960 2894 1089 2963 Catone,
1109 2901 1144 2950 ut

178 3031 196 3060 u
218 3003 376 3065 Caesarem
397 3026 458 3066 una
479 3027 548 3064 cum
563 3005 713 3088 Pompeio
729 3003 918 3064 confoderet:
941 3020 1071 3081 eumque
1084 3019 1143 3080 pn-

178 3137 197 3166 ιι
218 3113 338 3192 glonem
354 3111 410 3172 sibi
425 3112 528 3172 datum
543 3133 562 3171 a
583 3111 740 3172 Postumio
760 3112 865 3172 lictore
884 3108 994 3169 Bibuli.
1016 3107 1083 3166 Hoc
1100 3104 1145 3164 fa·

180 3244 198 3272 o
219 3227 284 3288 cto,
306 3220 445 3299 quamvis
459 3218 620 3299 ambIguae
633 3220 825 3301 suspicionis,
839 3217 950 3278 Caesar
963 3235 1035 3276 usus
1049 3209 1144 3272 estad

179 3352 197 3380 o
218 3325 454 3406 exasperandam
475 3324 699 3386 multitudinem
712 3351 739 3382 o.

134 3429 156 3492 6
177 3437 348 3513 Antequam
370 3443 512 3514 quaestor
532 3436 564 3492 in
584 3432 794 3493 Macedoniam
815 3431 1068 3514 proficisceretur.

137 3559 154 3619 7
178 3538 229 3599 Sic
249 3538 363 3599 habent
384 3537 491 3599 Lamb.
507 3551 537 3600 et
551 3541 706 3602 Graevius.
727 3541 878 3599 Nimirum
887 3539 934 3598 Μ.
947 3537 1058 3595 Brutus
1074 3529 1145 3590 ado·
1165 3559 1170 3568 ·

177 3656 280 3727 ptatus
301 3667 318 3704 a
340 3647 378 3725 Q.
400 3646 530 3707 Caecilio
552 3648 707 3730 Caepione
728 3646 879 3707 avunculo
901 3647 965 3705 eius
984 3659 1095 3701 nomen
1116 3646 1146 3696 et

178 3771 366 3834 praenomen
380 3765 592 3837 assumpserat.
613 3755 683 3816 Mss.
698 3765 729 3815 et
742 3754 811 3817 edd.
824 3763 896 3815 vett.
911 3750 958 3811 vel
975 3747 1006 3809 C.
1019 3745 1065 3806 vel
1093 3741 1144 3802 Ca.

183 3858 302 3939 Caepio.
966 3869 968 3878 '

138 3964 158 4024 8
182 3965 298 4024 Forma
316 3964 391 4025 haec
413 3967 553 4030 infinitivi
575 3967 674 4030 ethic
695 3969 754 4030 loci
775 3965 954 4028 admirantis
972 3971 1030 4035 est3
1052 3955 1088 4016 cf.
1109 3954 1147 4014 ad

181 4091 230 4152 ep.
251 4072 390 4142 XXXII,
417 4095 438 4131 ι.
