2834 5012
333 343 376 414 18
700 355 869 408 crisroua
894 359 942 408 vr.
1100 359 1130 407 ιι.
1150 361 1184 410 v.
1202 360 1231 409 c.
1248 358 1296 410 686

327 464 396 540 lam
434 463 536 540 video
569 487 709 561 gravem
742 461 883 536 subesse
921 485 1079 559 causam,
1110 487 1319 563 magnopere
1349 495 1352 508 ·

328 589 469 663 confido
502 588 600 660 illum
630 587 704 661 fore
737 589 773 658 in
805 587 944 683 officio,
970 599 1008 657 et
1038 586 1075 658 in
1106 600 1227 660 nostra
1258 613 1321 688 po·
1405 683 1406 692 ἵ

330 731 452 790 testate
469 718 493 787 ³.

376 843 398 917 3
424 843 526 942 Signa
558 852 697 940 nostra,
734 851 771 912 et
806 835 1046 912 Hermeraclas
1061 835 1089 936 l,
1112 849 1154 911 ut
1177 837 1322 937 scribis,

326 994 433 1070 quum
458 964 739 1040 commodissime
763 963 914 1068 poteris,
946 961 1051 1036 velim
1079 962 1263 1064 imponas,
1287 975 1322 1035 et

325 1093 355 1166 si
379 1090 477 1194 quod
500 1089 596 1165 aliud
619 1095 724 1162 ιίκεῖσι
749 1087 822 1164 eius
845 1087 932 1188 loci,
948 1113 1053 1188 quem
1075 1113 1148 1160 non
1164 1087 1323 1187 ignoras,

325 1218 492 1318 reperies,
516 1229 553 1291 et
576 1214 741 1314 maxime,
767 1239 857 1316 quae
883 1213 947 1287 tibi
969 1211 1161 1316 palaestrae
1181 1239 1322 1314 gymna-

324 1343 434 1444 siique
459 1339 670 1419 videbuntur
707 1365 791 1414 esse.
828 1339 969 1414 Etenim
1002 1338 1052 1412 ibi
1083 1337 1208 1414 sedens
1234 1337 1321 1412 lraec

325 1467 371 1541 ad
396 1482 431 1541 te
460 1466 676 1565 scribebam3
706 1479 748 1541 ut
778 1490 836 1538 me
866 1462 965 1538 locus
997 1464 1073 1564 ipse
1106 1463 1320 1538 admoneret.

323 1595 507 1667 Praeterea
542 1605 648 1694 typos
685 1591 750 1666 tibi
785 1591 938 1691 mando,
974 1615 1061 1693 quos
1099 1591 1137 1663 iu
1173 1592 1320 1664 tectorio

325 1718 437 1792 atrioli
461 1720 595 1819 possim
619 1717 815 1818 includere,
834 1731 870 1790 et
894 1715 1047 1817 putealia
1072 1715 1218 1814 sigillata
1241 1717 1319 1789 duo.

323 1843 577 1918 Bibliotlrecam
602 1843 731 1916 tuam⁶
767 1867 851 1916 cave
889 1842 1051 1944 cuiquam
1077 1841 1321 1942 despondeas,

324 1969 482 2068 quamvis
519 1994 634 2042 acrem
671 1981 866 2075 amatorem
901 1967 1099 2065 inveneris3
1136 1992 1218 2040 nam
1256 1992 1320 2064 ego

323 2118 445 2166 omnes
480 2119 576 2167 meas
612 2093 844 2167 vindemiolas
881 2082 924 2168 eo
960 2117 1122 2191 reservo,
1158 2105 1198 2170 ut
1234 2091 1321 2166 illud

323 2217 516 2292 subsidium
541 2219 712 2292 senectuti
737 2243 868 2318 parem.

331 2379 335 2390 ·
372 2343 396 2437 4
421 2340 474 2418 De
499 2343 620 2444 fratre,
645 2344 785 2434 confido
811 2345 859 2416 ita
885 2369 976 2442 esse,
992 2355 1032 2415 ut
1055 2369 1194 2444 semper
1224 2342 1320 2417 volui

321 2480 357 2539 et
383 2467 567 2542 elaboravi.
595 2469 706 2543 Multa
732 2470 829 2568 sigua
856 2482 937 2542 sunt
962 2468 1036 2541 eius
1060 2469 1126 2566 rei3
1156 2493 1231 2542 non
1256 2470 1320 2541 mi-

320 2595 471 2693 nimum,
497 2595 593 2700 quod
618 2621 716 2670 soror
741 2597 967 2696 praegnans⁶
993 2607 1054 2666 est.

371 2721 392 2795 5
418 2723 472 2796 De
505 2723 654 2797 comitiis
690 2724 808 2796 meisa
835 2735 871 2794 et
903 2721 967 2796 tibi
1004 2747 1060 2794 me
1090 2723 1318 2822 permisisse⁸

320 2847 480 2944 memini,
497 2861 532 2918 et
548 2873 613 2944 ego
638 2847 848 2946 iampridem
873 2845 942 2920 hoc
968 2847 1211 2922 communibus
1238 2851 1319 2921 ami·

321 2969 392 3065 cis,
419 2971 476 3068 qui
504 2984 538 3042 te
570 2985 790 3070 exspectant,
828 2971 1012 3070 praedico:
1044 2985 1079 3043 te
1110 2998 1184 3044 non
1208 2974 1317 3047 ruodo

320 3119 393 3165 non
418 3098 544 3169 arcessi
570 3123 589 3168 a
606 3123 680 3196 me,
697 3096 760 3169 sed
779 3097 997 3198 prohiberia,
1014 3097 1110 3199 quod
1125 3097 1318 3197 intelligam

318 3217 430 3292 multo
456 3223 564 3318 magis
589 3223 755 3296 intemsse
780 3237 861 3323 tua,
894 3237 929 3296 tc
963 3249 1064 3322 agere
1089 3224 1187 3325 quod
1212 3251 1318 3322 agen·

261 3448 262 3458 ἵ
319 3343 404 3417 dum
429 3358 482 3420 est
505 3347 574 3424 hoc
600 3361 775 3450 tempore,
801 3376 907 3452 quam
930 3376 1026 3450 mea,
1051 3364 1086 3422 te
1112 3350 1234 3424 adesse
1261 3339 1338 3423 co-'

317 3471 433 3546 mitiis.
471 3473 623 3549 Proinde
662 3501 705 3552 eo
739 3475 856 3550 auimo
890 3490 925 3548 te
958 3475 1063 3550 velim
1096 3501 1187 3576 esse,
1216 3478 1317 3578 quasi

317 3598 386 3672 mei
411 3599 541 3696 negotii
574 3627 678 3674 causa
710 3602 747 3678 iu
776 3603 843 3676 ista
867 3601 944 3676 loca
970 3603 1097 3676 missus
1121 3629 1223 3676 esses.
1257 3603 1317 3675 Me

317 3737 434 3798 autem
459 3751 541 3800 eum
563 3739 599 3800 et
623 3725 779 3802 offendes
803 3753 885 3826 erga
910 3741 963 3826 te,
992 3741 1028 3801 el
1053 3729 1189 3828 audies,
1215 3731 1316 3830 quasi

314 3847 417 3948 milri,
442 3852 471 3922 si
497 3877 563 3952 qua
590 3867 690 3952 parta
716 3867 833 3950 erunt,
860 3880 932 3926 uon
957 3853 1065 3928 modo
1091 3868 1125 3927 tc
1151 3881 1313 3954 praesen-

318 3987 366 4068 ιε,
392 3975 453 4048 sed
479 3990 600 4076 perte
626 3993 723 4078 partu
749 3981 836 4072 sint.¹
