2924 5002
328 389 400 465 308
693 404 865 456 arrarum
891 406 952 452 mr.
1109 394 1298 461 nuent

324 512 422 614 meo,
447 511 510 586 sed
542 511 649 586 etiam
681 507 914 584 familiaritate
948 503 1097 578 devinxi.
1129 503 1208 600 Ego
1233 503 1320 602 Apa·
1430 563 1431 608 ἓ

324 665 482 716 mensem
506 636 767 736 Hephaestum‚
801 659 866 732 ego
890 631 1106 705 levissimum
1133 629 1322 727 hominem,
1430 613 1431 638 ³

323 765 550 864 Megaristum
566 762 816 859 Antandrium,
841 784 905 857 ego
923 757 1061 833 Niciam
1078 757 1323 857 Smyrnaeum,

324 916 388 989 ego
405 916 515 989 nugas
533 889 730 962 maximas⁸
749 887 846 960 omni
862 911 939 958 mea
958 885 1123 958 comitate
1140 909 1219 954 sum
1232 907 1320 955 com·
1431 869 1432 896 ³

322 1015 462 1116 plexus,
486 1015 754 1115 Nymphontem
784 1013 891 1086 etiam
922 1008 1194 1110 Colophonium.
1226 1009 1321 1102 Quae

322 1142 388 1215 feci
415 1143 550 1242 omnia,
568 1169 648 1215 non
666 1166 737 1243 quo
761 1166 818 1213 me
845 1151 906 1211 aut
930 1139 955 1210 ii
972 1137 1146 1236 homines,
1173 1151 1234 1209 aut
1252 1149 1322 1209 tota

320 1269 419 1342 natio
447 1268 651 1343 delectaret:
676 1281 876 1371 pertaesum
902 1279 955 1349 est
975 1263 1142 1362 levitatis,
1167 1281 1184 1328 9
1209 1287 1323 1336 assen-

322 1395 466 1473 tationis
492 1396 703 1494 animorum,
733 1419 807 1468 non
840 1391 980 1490 officiis,
1012 1389 1075 1464 sed
1107 1389 1320 1490 temporibus

321 1520 556 1594 servientium.
582 1520 670 1619 sed,
694 1534 734 1592 ut
759 1518 806 1592 ad
831 1519 976 1592 Zeuxim
1008 1530 1179 1599 revertar:
1215 1541 1319 1618 quum

253 1687 256 1694 .
320 1645 351 1718 is
378 1645 422 1718 de
447 1647 495 1719 M.
521 1645 680 1721 Cascellii
700 1671 861 1721 somnone
879 1669 997 1716 secum
1016 1641 1155 1741 habito,
1180 1667 1270 1743 quae
1285 1653 1322 1712 tu

321 1771 462 1870 scribis,
479 1749 529 1845 ‘ea
554 1774 631 1873 ipsa
655 1771 874 1873 loqueretur,
899 1769 1022 1851 obstiti
1050 1770 1123 1842 eius
1156 1768 1324 1864 sermoni,
1432 1819 1433 1870 1

321 1909 358 1970 et
382 1896 562 1973 hominem
587 1901 625 1970 in
650 1898 920 1971 familiaritatem
945 1896 1072 1996 recepi.
1103 1895 1181 1968 Tua
1207 1908 1321 1966 autem
1432 1879 1433 1928 t

321 2047 410 2124 quae
440 2021 543 2101 fuerit
573 2023 748 2125 cupiditas
779 2037 878 2096 tanta
912 2022 1048 2119 nescio,
1074 2019 1170 2121 quod
1203 2018 1322 2092 scribis

320 2148 471 2248 cupiisse
497 2161 549 2248 te,
575 2152 741 2252 quoniam
764 2143 943 2257 'Smyrnae
978 2147 1049 2220 duo
1066 2148 1197 2257 ¹Mysos
1218 2161 1249 2262 {⁰
1274 2146 1322 2216 in·

320 2274 446 2354 suisses
471 2275 509 2355 in
534 2275 691 2376 culeum,
717 2274 827 2350 simile
852 2277 890 2347 in
916 2273 1094 2374 superiore
1119 2286 1221 2374 parte
1247 2295 1323 2372 pro·

319 2400 455 2480 vinciae
473 2401 575 2482 edere
594 2402 792 2509 exemplum
810 2401 1006 2478 severitatis
1024 2413 1121 2474 tuae:
1144 2412 1180 2470 et
1196 2399 1323 2472 iccirco

318 2523 464 2603 Zeuxim
489 2525 612 2606 elicere
639 2531 736 2607 omni
761 2529 898 2608 ratione
924 2525 1090 2602 voluisse:
1123 2549 1231 2625 quem
1264 2521 1321 2596 ad-

319 2647 466 2728 ductum
489 2654 527 2728 in
552 2654 723 2732 iudicium
748 2655 895 2728 fortasse
921 2651 1052 2728 dimitti
1069 2676 1142 2728 non
1160 2664 1322 2751 oportue·

317 2774 381 2874 rit3
407 2779 567 2880 conquiri
591 2805 693 2880 vere,
718 2793 754 2853 et
780 2779 857 2854 elici
881 2775 1061 2858 blanditiis
1087 2784 1145 2864 (ut
1170 2789 1210 2848 tu
1242 2773 1323 2848 scri·

316 2896 390 2990 his)
410 2902 455 2974 ad
472 2904 655 3005 iudioium,
671 2931 813 2980 necesse
828 2930 904 3004 non
921 2903 1001 3002 fuit5
1019 2927 1099 2976 eum
1115 2901 1321 3000 praesertim

316 3021 512 3129 immittam,
529 3058 634 3132 quem
651 3056 716 3131 ego
734 3045 827 3106 etex
842 3031 913 3103 suis
931 3027 1081 3126 civibus,
1098 3040 1194 3099 etex
1205 3025 1322 3099 multis

317 3146 392 3224 aliis
418 3156 574 3260 quotidie
598 3159 708 3255 magis
726 3182 902 3256 cognosco
919 3153 1129 3235 nobiliorem
1146 3179 1224 3226 esse
1242 3175 1323 3258 pro·

315 3299 379 3374 pe,
405 3305 509 3379 quam
537 3284 715 3364 civitatem
740 3310 848 3362 snam.

367 3401 389 3476 3
407 3404 456 3486 At
472 3407 568 3486 enim
584 3409 727 3490 Graecis
745 3393 828 3483 solia
845 3405 1020 3505 indulgeo.
1038 3405 1156 3500 Qutdt
1173 3408 1213 3484 L.
1233 3406 1323 3480 Cae-

317 3524 436 3604 cilium
457 3546 484 3582 ¹²
512 3559 632 3609 noune
657 3537 755 3614 omni
780 3535 917 3609 ratione
942 3531 1102 3634 placavit
1127 3556 1238 3634 quem
1261 3529 1323 3602 ho-

315 3651 465 3736 minem?
484 3686 551 3761 qua
568 3661 642 3734 iral
664 3689 735 3765 quo
752 3659 900 3763 spiritui
918 3685 1024 3762 quem
1041 3658 1208 3760 denique,
1226 3681 1325 3759 prae·

316 3790 370 3850 ter
396 3781 628 3889 Tuscenium,
653 3791 750 3863 cuius
777 3814 881 3862 causa
907 3787 1022 3860 sanari
1045 3812 1119 3860 non
1143 3798 1268 3886 potest
1288 3797 1326 3876 ¹²,

315 3927 389 3984 non
425 3903 605 4018 mitigavi?
641 3915 735 3997 Ecce
768 3941 873 4022 supra
907 3928 1015 4021 caput
1034 3915 1063 3969 ¹³
1094 3913 1202 3992 homo
1237 3906 1326 3988 levia
