2834 5012
291 428 385 480 xvttt
675 413 925 466 INTROBVCTIO

292 538 546 639 erumperet,
591 549 652 602 res
688 547 872 602 romanas
898 514 1052 598 diutius
1080 528 1182 594 stare
1212 541 1296 594 nou

293 704 435 790 posse,
475 669 621 754 oeoinit
658 669 883 752 autemut
923 680 1058 761 vates,
1099 689 1149 746 ex
1191 661 1299 746 civili

293 823 461 912 victoria
489 835 708 935 tyrannum
739 819 995 902 exstiturum.
1032 814 1111 898 His
1136 812 1297 925 potissi-

295 1000 410 1054 mum
438 971 501 1052 usi
529 981 626 1051 sunt
654 965 827 1078 epistolis
855 965 1114 1064 recentiores,
1136 961 1209 1076 qui
1237 988 1300 1042 res

295 1146 479 1202 romanas
521 1117 719 1228 persecuti
757 1128 878 1216 sunt,
919 1129 1041 1226 atque
1080 1114 1125 1193 in
1160 1110 1301 1222 primis

296 1267 465 1349 Carolus
491 1263 541 1345 de
562 1264 873 1375 Montesquieu3
894 1266 967 1374 qni
995 1260 1076 1343 hoo
1103 1261 1222 1341 etiam
1252 1257 1301 1340 de

295 1418 343 1498 iis
384 1411 635 1526 praeclarum
676 1414 951 1496 testimonium
989 1412 1179 1524 reliquit,
1219 1435 1301 1490 esse

297 1565 490 1644 nimirum
519 1589 647 1674 opus,
688 1575 892 1673 quotquot
920 1563 1183 1658 exstiterunt,
1221 1557 1302 1639 ele·

298 1713 577 1828 gantissimrnn
617 1710 894 1822 ingenuitatis,
934 1710 978 1792 in
1020 1735 1129 1822 quo,
1171 1719 1220 1788 ut
1260 1707 1304 1784 in

299 1858 485 1970 speculo,
513 1851 692 1972 tempora
721 1856 880 1957 videas,
917 1872 957 1940 et
985 1857 1144 1940 civilem
1172 1857 1304 1936 soien-

193 2085 197 2098 ,
300 2006 397 2090 tiam
424 2005 642 2088 mendaciis
671 2005 856 2091 nondum
884 2022 1138 2120 comptam,
1177 2004 1307 2090 homi-

300 2184 392 2256 nes,
420 2183 523 2271 quos
545 2161 842 2241 communisse
864 2161 1042 2240 sincerus
1063 2160 1108 2240 in
1127 2185 1171 2241 re
1193 2154 1306 2270 publ.
1372 2134 1375 2154 d

301 2300 415 2385 dolor
451 2307 685 2408 coniunxit,
722 2310 870 2390 amicos
908 2305 1081 2419 denique
1110 2334 1220 2414 non,
1259 2323 1307 2389 ut
1405 2289 1406 2298 Ν

301 2469 437 2536 nostra
466 2470 592 2542 aetate
620 2457 780 2558 assolet,
802 2488 843 2540 se
865 2462 971 2573 ipsos
996 2457 1131 2544 fallere
1159 2487 1306 2542 conan-
1405 2429 1406 2470 ³

196 2627 201 2639 ’
302 2615 384 2720 tet,
419 2605 488 2692 sed
515 2605 829 2712 infelioissimos,
865 2612 938 2723 qui
967 2613 1101 2694 omnia
1130 2612 1239 2694 inter·
1267 2639 1306 2692 se

302 2752 434 2838 soluto
462 2757 598 2842 animo
626 2762 930 2843 oommnnioant
958 2762 973 2872 (
1000 2761 1028 2874 ).

360 2905 495 3012 Quare
524 2909 670 3020 gratiae
692 2924 789 2994 sunt
809 2908 1016 2991 habendae
1038 2909 1205 3009 (tironi,
1227 2911 1308 2992 sive

303 3049 378 3148 illi,
396 3054 645 3170 quicumque
666 3056 828 3143 tandem
849 3060 882 3140 is
903 3061 974 3158 sit,
998 3062 1069 3171 qui
1083 3059 1209 3141 Tullii
1231 3060 1311 3170 epi·

341 3339 388 3428 ⁶(1)
409 3341 458 3403 Do
477 3343 508 3406 la
528 3346 680 3426 grandeur
706 3361 736 3410 et
767 3350 834 3411 deo.
854 3350 907 3412 des
927 3351 1092 3423 Roianus,
1116 3373 1142 3412 o.
1164 3353 1203 3411 ll.
1225 3351 1311 3412 Cine-

305 3438 387 3498 tonis
407 3441 604 3520 epistolarum
624 3449 916 3513 commendationem
938 3449 1006 3510 vide
1025 3451 1117 3510 etiam
1130 3449 1214 3532 apud
1229 3448 1310 3510 Mid-

306 3530 424 3606 dletfflb
443 3535 522 3602 Hist
542 3539 580 3602 de
601 3541 748 3618 Ciceros,
769 3546 821 3608 lib.
842 3547 911 3609 XII.
933 3549 980 3609 De
1000 3569 1106 3608 earum
1126 3549 1315 3631 praestantia

306 3630 488 3710 singularem
509 3636 747 3705 dissertationem
769 3646 828 3706 lae.
849 3645 1020 3716 Fontanus,
1040 3656 1070 3706 et
1090 3645 1128 3706 de
1149 3645 1235 3705 vario
1258 3665 1312 3726 ge-

305 3747 378 3789 nere
398 3739 647 3800 commentarium
664 3741 811 3805 Henrieus
829 3743 974 3827 Stephani
990 3744 1092 3805 edidit.
1107 3743 1218 3804 Confer
1231 3744 1313 3802 Dan.

190 3899 192 3902 Ι
307 3825 433 3908 Georgii
455 3829 598 3898 Morhofii
619 3837 803 3924 Polyhistor.
825 3845 861 3908 Τ,
883 3843 916 3915 1,
936 3841 988 3906 tib.
1011 3844 1039 3916 Ι,
1060 3843 1122 3914 23,
1146 3843 1190 3919 14·
1291 3913 1295 3924 .
