2924 5002
732 376 902 426 sersrotn
927 380 987 426 cn.
1042 357 1048 363 ’
1141 377 1169 426 a.
1184 381 1213 426 v.
1231 382 1254 426 c.
1271 377 1310 441 sot

558 604 611 657 Ser.
629 604 660 658 Α.
678 601 713 656 V.
730 603 759 658 C.
777 602 907 657 DCXCIV
924 619 995 656 meu.
1010 561 1157 658 Novembri..

638 781 797 862 MARCVS
821 797 858 874 Q.
882 793 1026 860 FRATRI
1049 795 1079 858 S.

410 989 436 1060 I.
459 1012 470 1057 r
489 983 618 1056 Statius
637 981 682 1056 ad
698 1008 754 1055 me
768 982 864 1058 venit
877 1008 905 1054 a.
924 982 956 1054 d.
969 981 1057 1056 VIH
1069 981 1147 1056 Kal.
1164 983 1332 1056 Novembr.

360 1113 446 1187 Eius
472 1111 663 1208 adventus,
697 1108 792 1210 quod
823 1109 873 1180 ita
901 1109 1085 1210 scripsisti,
1112 1109 1279 1208 direptum
1300 1110 1334 1180 iri

361 1252 396 1309 te
422 1263 442 1309 a
466 1237 534 1309 tuis
554 1252 577 1334 ¹,
602 1235 686 1306 dum
720 1235 750 1306 is
783 1233 936 1332 abesset,
967 1233 1135 1308 molestus
1167 1234 1249 1308 mihi
1274 1233 1335 1304 fuit
1425 1269 1426 1344 3

361 1363 468 1455 Quod
493 1376 609 1435 autem
634 1361 929 1460 exspectationem
953 1362 1006 1432 tui
1023 1378 1048 1460 ²,
1080 1383 1335 1462 concursumque
1425 1351 1426 1368 ²

360 1515 461 1588 eum,
487 1490 547 1591 qui
571 1501 646 1560 erat
670 1488 827 1585 futurus,
859 1489 889 1560 si
918 1513 988 1559 una
1012 1501 1131 1560 tecum
1157 1485 1336 1580 decederet,
1425 1551 1426 1582 ,

358 1643 472 1717 neque
505 1628 607 1688 antea
639 1615 733 1687 visus
766 1627 872 1712 esset,
908 1613 1067 1712 sustulit,
1101 1613 1141 1686 id
1172 1613 1255 1685 mihi
1277 1635 1338 1683 non
1425 1705 1426 1708 Ἴ

357 1739 580 1814 incommode
606 1741 719 1812 visum
744 1753 796 1812 est
826 1737 1001 1812 accidisse.
1033 1739 1235 1811 Exhaustus
1259 1736 1337 1806 enim
1425 1759 1426 1762 ¹

358 1880 411 1938 est
435 1863 549 1940 sermo
573 1865 775 1963 homiuum,
801 1878 837 1938 ct
852 1862 969 1938 multis
987 1864 1162 1938 emissae3
1181 1864 1250 1935 iam
1265 1860 1337 1932 eius
1425 1843 1426 1916 Ῑ

357 1990 454 2062 modi
487 2016 592 2064 voces
604 2047 614 2090 ,
645 1990 708 2061 ἀλλ’
742 1995 805 2060 αἰεί
830 2017 895 2060 τινα
932 2001 1017 2073 φῶτα
1049 1981 1167 2086 ptysi:
1201 2012 1282 2090 quae
1309 1997 1338 2056 ta
1425 1999 1426 2040 t

357 2113 500 2187 absente
525 2115 683 2188 confecta
709 2140 783 2187 esse
808 2113 928 2187 laetor.
955 2113 1064 2206 Quod
1091 2127 1210 2187 autem
1228 2111 1337 2183 iccirco
1425 2091 1426 2100 ³

357 2270 376 2314 a
402 2255 438 2314 te
463 2243 588 2316 missus
614 2257 682 2343 est,
708 2225 793 2314 mihi
818 2255 859 2314 ut
884 2267 921 2314 se
945 2255 1133 2342 purgaret,
1153 2240 1192 2312 id
1216 2259 1338 2310 necesse

355 2368 497 2440 minime
514 2368 601 2458 duit.
639 2369 796 2441 Primum
831 2368 924 2438 enim
962 2392 1160 2468 numquam
1191 2363 1246 2436 iiie
1267 2356 1339 2454 mihi

354 2492 421 2564 fuir
445 2507 644 2592 suspectus:
682 2519 794 2594 neque
828 2519 910 2590 ego,
949 2519 1036 2593 quae
1077 2493 1126 2564 ad
1160 2506 1195 2563 te
1228 2489 1268 2560 dc
1290 2483 1338 2556 iiio
1425 2473 1426 2488 ¹

355 2619 494 2718 scripsi,
520 2620 642 2718 scripsi
666 2645 745 2692 mco
771 2618 918 2718 iudicio,
944 2618 1006 2691 sed
1032 2645 1147 2719 quum
1173 2598 1279 2712 ratio,
1296 2637 1340 2684 sa-

353 2741 476 2844 lusque
502 2745 658 2817 omnium
674 2758 850 2844 nostrum,
868 2747 927 2846 qui
944 2744 990 2816 ad
1007 2770 1084 2817 rem
1102 2743 1281 2844 publicam
1297 2761 1342 2808 ac·
1359 2775 1361 2778 ⁴

355 2867 527 2967 cedimus,
552 2896 624 2942 noti
650 2872 796 2943 veritate
821 2868 951 2967 solum,
968 2868 1031 2941 sed
1053 2871 1166 2942 etiam
1192 2869 1278 2940 fama
1300 2867 1340 2933 ni·
1425 2955 1426 2972 ,

354 3005 484 3065 teretur
499 2993 532 3091 4,
565 3020 740 3067 sermones
773 2994 819 3066 ad
851 3008 886 3066 te
919 2993 1066 3066 aliorum
1098 3020 1257 3093 semper,
1282 3011 1341 3060 non
1425 3033 1426 3048 t

353 3143 430 3188 inea
455 3119 582 3191 iudicia
607 3122 802 3220 perscripsi.
823 3121 894 3212 Qui
911 3119 1052 3221 quidem
1071 3147 1186 3220 quam
1201 3119 1342 3216 frequen·

355 3253 407 3311 tes
432 3258 562 3342 essent,
587 3259 623 3317 et
648 3273 753 3346 quam
779 3273 919 3344 graves,
949 3244 1108 3318 adventu
1137 3271 1204 3318 suo
1230 3241 1342 3315 Statius
1425 3275 1426 3302 t

352 3365 429 3465 ipse
446 3371 619 3466 cogitavit.
636 3373 778 3443 Etenim
795 3371 982 3445 intervenit
998 3372 1259 3448 nonnullorum
1274 3391 1343 3468 que·

353 3489 449 3590 relis,
475 3520 562 3594 quae
589 3497 684 3597 apud
707 3523 764 3572 me
791 3497 834 3568 de
859 3495 919 3568 illo
944 3497 1023 3595 ipso
1050 3495 1295 3570 habebantur:
1315 3500 1344 3560 ei

352 3617 479 3688 sentire
504 3624 636 3722 potuit,
666 3633 841 3696 sermones
866 3623 1068 3722 iniquorum
1095 3624 1137 3694 in
1164 3647 1267 3696 suum
1289 3641 1342 3716 po·

351 3740 523 3816 tissimum
548 3771 677 3820 uomen
703 3773 891 3848 erumpere.
920 3744 1028 3836 Quod
1054 3760 1184 3821 autem
1209 3774 1265 3821 ma
1286 3767 1345 3813 ma·
1425 3799 1426 3810 ,

351 3865 440 3939 xime
465 3895 605 3946 movere
632 3873 781 3973 solebat,
800 3899 907 3975 quum
932 3870 1142 3975 audiebam,
1162 3874 1262 3952 illum
1277 3868 1344 3972 plus
