2924 5002
506 411 543 458 iu
570 405 758 458 eetssouts
1057 387 1131 488 349

168 512 260 594 Vulg.
282 517 416 571 'tuentur
444 508 547 570 Iunius
573 519 603 568 et
633 508 800 590 Melespine
832 511 1009 570 auctoritate
1041 512 1129 572 eodd.

169 621 309 688 Memm,
329 618 417 677 unius
443 614 523 687 Pat,
547 618 635 675 unius
656 614 781 695 Poggii‚
801 623 831 674 et
850 613 984 676 duoruds
1004 616 1131 679 Matreii.
1245 678 1248 686 ,

169 726 211 787 Et
231 725 320 808 plane
339 722 502 784 verisimile
523 733 582 792 est,
603 732 637 781 ut
656 723 698 781 eit
710 721 893 804 Melaspina,
914 743 948 782 ex
964 724 1130 805 Dionysio,

168 843 199 892 et
219 834 285 913 ipso
300 830 443 890 Cicerone
466 829 556 910 (Har.
577 847 653 909 resp.
673 826 693 887 6
713 861 753 876 -
772 827 809 904 8,
829 840 859 889 et
884 829 949 906 14),
970 829 1009 890 sd
1030 831 1131 905 viros,

167 960 231 1000 non
250 939 340 999 etiam
361 936 400 998 ed
420 935 560 996 mulieres
582 933 777 1014 religionum,
809 944 843 995 ut
867 945 1033 995 ceterarum
1055 957 1130 1017 quo·

168 1067 230 1126 que
256 1064 378 1114 1·‚erum
406 1042 518 1103 iudicia
547 1043 733 1124 pertinuisse.
762 1041 843 1102 Tum
869 1042 993 1102 relatam
1026 1045 1128 1104 minus

168 1161 250 1212 recte
270 1150 328 1211 dici
349 1170 406 1232 pro
427 1147 570 1220 delatam,
593 1147 675 1229 quod
695 1157 739 1208 est
759 1145 907 1208 verbum
899 1169 930 1208 m
944 1149 996 1209 tuli
1011 1170 1044 1210 re
1058 1170 1127 1231 pro-

168 1258 287 1338 prium,
307 1256 425 1316 notavit
444 1253 610 1316 Emestius.

127 1383 166 1422 22
188 1363 232 1424 Vt
241 1361 387 1422 iudicium
403 1360 441 1422 de
454 1359 577 1442 pollutis
591 1362 682 1420 sacris
697 1363 942 1424 constitueretur·
934 1383 1003 1444 ,.ep
1016 1383 1076 1444 seq.
1093 1365 1126 1435 3,

167 1479 199 1528 et
218 1467 309 1560 XXI,
334 1489 362 1540 1,
383 1468 412 1544 4.
436 1465 558 1528 Corrad.

127 1574 165 1634 23
188 1574 330 1655 Plerique
350 1573 436 1636 codd.
457 1573 640 1656 Malaspiuae
660 1589 701 1634 εκ
720 1596 743 1634 s.
764 1564 894 1636 'consulto
915 1573 953 1634 de
973 1576 1126 1656 religione,

167 1679 252 1760 quod
271 1679 378 1740 Lemb.
399 1679 499 1742 edidit.

126 1786 166 1862 24
187 1785 353 1846 Lambinus
373 1799 403 1846 et
421 1807 535 1859 seveie,
558 1797 588 1848 et
608 1789 639 1846 in
659 1785 720 1848 fine
739 1807 800 1869 seq.
822 1789 984 1848 sententiae
1011 1789 1124 1867 mitiga·

165 1913 240 1952 meu.
261 1893 343 1952 Tum
363 1913 454 1954 casua
473 1894 531 1954 sint
549 1892 697 1954 dederunt
710 1892 816 1955 Lemb.
839 1895 986 1956 Graevius
1007 1905 1037 1954 et
1051 1894 1124 1956 Ern.

166 2019 202 2058 ex
223 1999 323 2074 libris3
343 2000 416 2060 olim
437 2019 529 2060 causa
548 2001 591 2060 sit.

126 2103 167 2164 25
190 2105 384 2167 Hortensium
397 2107 572 2170 Tuustellus
585 2118 616 2167 et
629 2107 801 2178 Emestius‚
819 2106 999 2190 Pompeium
1014 2104 1124 2168 Schdtz

163 2210 313 2292 intelligis
341 2213 398 2272 Hic
423 2216 541 2274 sectius.
569 2213 712 2274 Laudare
742 2215 888 2350 coepisse,
915 2214 973 2279 vid.
1008 2213 1047 2274 ad
1076 2234 1123 2295 ep.

165 2318 287 2390 XXIV,
307 2317 335 2378 6.

124 2422 166 2486 26
187 2424 263 2484 Nam
284 2423 365 2486 eliud
388 2427 491 2498 sentit,
511 2437 541 2486 et
567 2426 649 2488 aliud
676 2427 826 2508 loquitur,
854 2448 900 2506 ep.
929 2425 1055 2486 CXCIII
1086 2427 1122 2500 3,
1205 2485 1208 2494 ,

166 2540 197 2590 et
215 2531 368 2592 simulator
385 2503 496 2594 dicitur
516 2554 562 2615 ep.
582 2533 699 2605 LXIII,
719 2535 748 2609 4.

123 2657 164 2718 27
187 2637 274 2714 Quae
293 2637 386 2698 fuerit
397 2641 562 2710 nescimus,
575 2650 609 2699 ut
629 2641 829 2709 stercutium,
849 2637 887 2698 de
903 2635 1012 2718 quibus
1023 2637 1123 2698 statim

165 2742 254 2804 infra.
277 2755 459 2822 Τοποθεσίαη
479 2744 558 2806 hanc
578 2763 648 2804 eum
661 2743 790 2806 finitima
803 2745 926 2826 regione
936 2743 1058 2804 Vesuvii
1072 2740 1123 2802 de·

168 2851 344 2931 scripsimus
369 2871 403 2912 ex
429 2850 548 2922 tabula,
575 2869 667 2933 quam
687 2851 725 2912 V.
748 2851 792 2910 CI.
813 2853 847 2912 A.
869 2850 906 2911 de
927 2850 1008 2910 losio
1031 2846 1123 2908 edidit

164 2956 291 3038 Neapoli
322 2955 415 3040 1819,
435 2957 557 3018 adiectis
584 2967 702 3020 tantum
730 2956 901 3020 nominibus
932 2956 1062 3036 antiquis
1094 2963 1124 3014 et

164 3073 312 3144 τοποθεσίᾳ
336 3063 507 3126 Herculani.

116 3167 166 3230 28
186 3170 257 3250 Ipsa
277 3171 375 3230 oratio
395 3170 555 3232 Meteliiua.
577 3171 693 3232 Manut.

123 3296 166 3356 29
186 3275 369 3336 Concinnius
389 3277 420 3337 iu
446 3297 512 3359 epp.
533 3276 669 3350 XXXII,
696 3288 785 3349 extu,
801 3287 843 3360 ¹,et
869 3274 1011 3345 CXLVI,
1031 3298 1072 3356 9,
1092 3276 1123 3334 iu

165 3380 277 3462 quibus
298 3381 429 3443 demitur
449 3403 532 3456 nam,
555 3384 638 3465 quod
658 3384 788 3445 alienum
810 3383 868 3444 hoc
888 3382 955 3442 loco
975 3382 1049 3442 dixit
1062 3380 1120 3439 Er-

164 3493 295 3560 nestius,
314 3500 344 3549 et
364 3488 485 3550 additur
506 3491 553 3552 vel
578 3490 679 3564 aliud,
703 3490 751 3550 vel
775 3503 942 3570 praeterea,
967 3487 1027 3546 hoc
1054 3505 1121 3546 mo·

163 3593 226 3654 do:
254 3595 340 3658 aliud
365 3595 457 3677 quid?
482 3597 603 3672 Etiam
631 3597 691 3658 vel:
716 3595 798 3677 Quid
820 3595 994 3678 praeterea?
1021 3589 1122 3673 Quid?

165 3701 268 3762 Etiam
274 3725 286 3776 ‚·
309 3722 439 3782 quorum
461 3703 640 3766 alterutrum
660 3701 710 3764 hic
736 3701 875 3764 excidisse
895 3700 1021 3762 videtur.
1043 3697 1121 3756 Hinc

164 3806 277 3870 Sohtitz
298 3807 391 3870 edidit
411 3811 475 3872 ηονί
500 3808 631 3892 tibiquid
643 3806 727 3870 atiud
737 3810 879 3872 scribam?
898 3805 998 3888 Qui'd?
1012 3802 1120 3864 Etiam.
1190 3881 1194 3890 Ι

163 3913 202 3978 Η.
224 3935 248 3976 e.
269 3917 357 3978 etium
378 3928 439 3992 est„
455 3917 502 3978 vel
524 3918 621 3999 utiqtue
641 3929 696 3988 est,
718 3916 802 3997 quod
822 3913 959 3976 scribam.
