2932 5000
330 387 404 482 428
438 386 440 392 ’
524 390 527 394 ’
697 408 968 460 aunontrrorrus

329 515 364 574 18
384 516 430 575 lta
455 512 532 586 bene
558 510 715 573 Ernestius
747 515 876 576 correxit
902 513 984 594 vulg.
1012 512 1187 592 ναὶαίεεεηες
1216 517 1325 598 pendet

364 625 445 684 enim
465 644 483 681 a
503 641 568 704 sup.
588 623 747 682 auctoritas
771 643 847 682 rrrea.
870 622 950 682 Turn
971 641 1034 704 pro,
1050 636 1079 684 et
1111 621 1253 694 orediocri
1275 626 1325 686 Al-

362 731 419 791 dus
439 729 532 790 habet
551 750 588 788 err
607 727 759 803 medinam}
779 727 904 788 fortasse
930 728 989 788 fuit
1013 749 1055 789 aa
1079 729 1228 791 nwdiocri.
1256 733 1325 792 Mox

364 839 407 918 C„
421 837 558 898 orarios
576 834 691 896 habent
710 834 798 896 Amb.
817 834 854 894 16
873 846 904 896 et
923 835 970 896 ed.
991 837 1068 898 lens.
1091 835 1243 901 Cohaeret
1256 859 1324 899 cum

361 967 408 1027 ep.
429 944 551 1015 XXIX,
571 941 600 1004 8.
621 942 679 1003 Alii
705 940 757 1002 Cn.
782 940 935 1014 octavius,
954 943 1072 1004 vitiose.

327 1073 362 1134 ¹9
382 1052 444 1129 Qui
465 1053 544 1110 intra
572 1052 668 1132 ipsam
691 1050 879 1130 provinciam
901 1050 1015 1110 Asiam,
1031 1060 1116 1122 sunt,
1136 1061 1167 1110 et
1191 1051 1323 1133 aliquam

360 1161 424 1220 eius
443 1167 562 1241 partem
584 1155 803 1220 administrant.
825 1154 876 1240 §ie
895 1166 957 1217 tres
971 1157 1059 1217 Asiae
1079 1157 1229 1218 dioeceses
1252 1158 1325 1218 Cili-

361 1268 450 1326 ciensi
481 1264 733 1326 administrationi
768 1261 929 1324 attributas
959 1263 1051 1324 fuisse
1080 1262 1185 1324 videre
1219 1275 1265 1326 est
1296 1267 1326 1324 in

360 1394 429 1456 epp.
444 1371 536 1443 CCL,
549 1369 584 1443 5,
598 1381 628 1431 et
639 1371 725 1430 DlX.
745 1370 844 1442 Tum,
857 1372 910 1451 qui
923 1369 1016 1430 fuerit
1031 1369 1188 1430 Ciliciensis
1202 1373 1326 1444 vicima,

359 1483 531 1561 ignoratur-‚-
544 1478 686 1557 Syriaeue
704 1477 762 1536 luit
773 1478 809 1536 L.
823 1476 972 1548 Marcius,
983 1475 1062 1537 Phil.
1078 1477 1144 1550 Xl,
1160 1498 1206 1538 12.
1222 1478 1324 1540 Valde

359 1607 497 1667 rrrognwn
506 1584 602 1667 screa,
622 1586 727 1645 ironia.
748 1583 856 1644 Melius
877 1582 985 1644 Lamb.
1006 1584 1053 1643 vel
1079 1604 1219 1663 magnum
1233 1585 1323 1666 sacis.

236 1735 239 1754 .
321 1713 360 1754 20
380 1693 443 1770 Qui
462 1693 552 1752 fuerit
570 1711 633 1751 non
654 1692 753 1773 reperi
774 1691 918 1752 traditum
940 1691 1013 1758 Em.
1039 1691 1121 1752 Turn
1142 1693 1326 1773 requirentur

359 1798 441 1860 idem
461 1809 521 1869 est,
541 1819 577 1857 aa
596 1796 847 1858 desiderabantur.
1383 1781 1388 1792 ⁵

321 1925 355 1963 21
381 1903 464 1977 Hoc,
486 1904 569 1984 quod
595 1903 659 1964 Pal.
681 1925 738 1964 seo.
759 1902 870 1976 hahet,
896 1884 1012 1985 placuit
1031 1903 1186 1976 Munatio,
1206 1905 1324 1987 primus

359 2013 472 2093 recapit
496 2008 604 2070 Lamb.
632 2021 663 2072 et
682 2009 793 2070 factum
816 2021 859 2071 est
880 2010 1047 2092 vulgatum.
1068 2015 1107 2070 at
1131 2031 1222 2084 mss,
1241 2011 1324 2091 quod

359 2121 469 2190 sciam,
489 2130 520 2179 et
543 2115 610 2178 edd.
631 2140 734 2180 omnes
759 2130 829 2180 vett.
856 2141 921 2201 usq.
949 2120 989 2180 ad
1008 2120 1074 2185 Ald.
1101 2123 1322 2184 irremorabilern.

319 2245 357 2285 aa
378 2225 458 2287 Nihil
479 2226 580 2288 aliudi
602 2228 647 2287 lta
674 2227 750 2300 suit,
771 2229 795 2288 si
816 2249 923 2288 verum
950 2239 1011 2300 est,
1032 2229 1115 2310 quod
1135 2251 1228 2312 supra
1252 2230 1324 2290 dicit

358 2334 426 2393 tolle
446 2335 569 2416 iniquas.
590 2334 662 2394 Mox
683 2354 724 2395 ex
743 2355 779 2394 eo
799 2356 860 2394 erae
881 2334 1042 2408 volumina,
1061 2356 1097 2396 ex
1111 2357 1148 2396 en
1167 2331 1324 2420 tempore,

356 2437 388 2498 h.
408 2461 449 2512 a,
469 2451 629 2522 postquam
652 2439 703 2500 ille
723 2443 860 2503 venisset.

318 2547 356 2606 23
377 2545 433 2606 Ed.
448 2548 523 2606 lens.
537 2547 561 2606 is
574 2547 646 2607 milri
664 2548 721 2618 ait,
743 2560 786 2621 τες
806 2547 871 2607 Ald.
892 2549 917 2608 is
937 2549 1007 2608 milri
1024 2550 1130 2631 inquit,
1153 2561 1195 2625 te;
1216 2550 1322 2610 malim

355 2656 380 2714 is
399 2654 470 2714 milri
487 2652 579 2726 miris,
600 2667 635 2714 te.
657 2655 739 2713 Tum
761 2655 859 2714 statim
883 2653 1002 2715 videtur
1022 2654 1197 2736 legendum:
1227 2669 1259 2716 ut
1285 2678 1324 2718 ne

355 2759 430 2843 qnid
440 2757 705 2822 ...deminueoerrt
726 2760 904 2822 Dominam
923 2772 1024 2822 autent
1045 2761 1096 2822 hic
1116 2773 1146 2824 et
1166 2763 1247 2823 infra
1268 2762 1321 2822 de-

354 2864 454 2926 dimus
482 2887 550 2926 num
571 2865 697 2939 Lamb„
716 2867 857 2929 Ernestio
871 2878 908 2930 ,et
927 2869 1161 2942 recentioribus,
1187 2889 1252 2930 non
1277 2869 1322 2929 di-

353 2973 497 3048 minuam
513 2971 597 3054 quod
613 2971 667 3034 illa
686 2984 731 3036 est
750 2974 849 3037 forma
869 2974 1018 3056 legitima,
1040 2986 1071 3035 et
1089 2975 1169 3036 infra
1188 2975 1325 3038 derrrirrui

353 3080 523 3138 invenimus
545 3081 576 3138 in
598 3078 685 3139 Amb.
712 3078 754 3140 16.
872 3083 873 3086 ’
1261 3147 1268 3161 ,

314 3184 353 3260 24
372 3185 536 3257 Nimirum,
556 3185 660 3248 deberi
685 3188 849 3270 quicquam
873 3186 1043 3249 Fundanio.
1071 3187 1142 3249 Mox
1164 3187 1255 3249 Amb.
1283 3188 1319 3250 16

355 3288 392 3370 Q.
412 3312 435 3349 s.
456 3311 474 3362 ρ
495 3313 554 3352 non
574 3291 681 3352 debet?

312 3394 352 3456 25
372 3397 453 3474 Quia
472 3397 617 3458 nimirum
639 3411 764 3481 praetor
784 3420 847 3460 non
867 3401 1035 3474 iudicabat,
1056 3401 1108 3462 sed
1120 3405 1168 3461 ius
1182 3400 1317 3462 dicebat:

350 3502 525 3564 iudicabant
546 3515 647 3566 autem
669 3506 782 3568 iudices
803 3524 821 3568 a
839 3519 982 3590 praetore
1002 3507 1076 3568 dati.
1095 3508 1214 3568 Manat.

310 3607 350 3668 26
367 3610 476 3670 Malim
495 3613 636 3696 scripum
648 3634 709 3678 esee
723 3615 752 3674 irr
773 3633 810 3674 ea
823 3633 847 3674 e.
868 3614 940 3675 Mox
956 3613 1245 3676 incommodotnrurn
1264 3635 1313 3674 re-

349 3719 467 3797 scripsit
488 3716 646 3780 Schiitzius
666 3739 701 3783 ex
723 3719 788 3780 cod.
811 3719 935 3796 ΡΜ,
953 3741 1013 3802 pro
1032 3721 1114 3803 vulg.
1127 3719 1313 3784 mcomrnoda

349 3821 485 3884 latunrrrr.
574 3827 579 3838 '

308 3945 346 4006 27
367 3926 612 3996 stceorreximus
627 3932 817 4003 cumLamb.
832 3933 915 4015 vulg.
935 3932 968 3994 id
988 3935 1176 3996 vehementer.
1198 3934 1306 3998 Schiitn

348 4036 552 4100 coniecturam
573 4039 704 4102 Ernestii
727 4050 871 4123 sequutus
892 4040 974 4102 dedit
995 4045 1084 4106 tacite
1103 4056 1132 4104 rt
1152 4067 1175 4104 ν.
