2924 5002
324 393 396 465 328
691 399 961 456 nus‘ortrroues

323 513 343 574 5
363 513 540 574 Academiae
555 512 712 580 nimirum,
726 512 757 568 in
771 508 843 569 villa
855 505 1043 579 Tusculaua;
1056 504 1142 586 apl,
1156 503 1187 575 8,
1200 514 1231 564 ct
1243 504 1280 576 V,
1295 524 1322 562 a.

367 619 450 680 Tuae
469 617 645 698 elegantiae,
677 637 715 676 sc.
744 617 788 676 tui
810 613 912 674 iudicii
933 615 965 672 in
984 610 1044 670 hoc
1065 631 1174 690 genere
1195 613 1323 690 exquisi-

363 727 477 786 tissimi.

323 832 344 892 6
362 831 472 896 Ambb.
493 842 523 891 et
543 831 609 890 Ald.
631 829 781 899 Deliciae,
794 837 830 886 ut
842 827 917 908 ep.l
939 835 1012 886 extr.
1033 823 1150 884 sublata
1172 822 1320 891 κακοφωνία

364 959 474 998 vocum
501 935 646 1008 Tulliola,
665 934 829 995 deliciolae.

326 1047 410 1127 7Ita
430 1055 501 1105 vett.
522 1043 605 1116 edd,
635 1041 717 1123 quod
746 1040 862 1123 placet3
893 1039 974 1119 vulg.
1005 1040 1047 1098 mi
1069 1056 1097 1096 a.
1124 1057 1152 1096 a.
1179 1036 1325 1096 Abinrcue

364 1152 470 1211 certitu
488 1161 546 1221 est,
567 1148 597 1210 h.
618 1171 643 1209 e.
664 1147 739 1208 mihi
760 1157 876 1208 certum
896 1155 941 1205 est
961 1147 1061 1226 potius
1080 1145 1250 1204 iuramento
1271 1163 1325 1204 ne-

365 1277 436 1337 gare
463 1277 511 1316 me
539 1255 742 1338 spopondisse.
770 1253 827 1334 Ep.
856 1249 1034 1336 CXLVIII,
1061 1250 1168 1309 Sext:
1201 1249 1326 1331 Depen-

365 1342 501 1422 dendum'
525 1362 578 1421 tibi
593 1374 651 1432 est,
674 1359 757 1443 quod
774 1359 845 1418 miti
860 1377 916 1439 pro
935 1357 986 1418 illo
1006 1354 1194 1437 spopondisti.

808 1600 884 1696 ν’.

331 1809 341 1846 r
365 1787 421 1847 Ed.
443 1788 550 1847 Minut.
574 1783 614 1844 Et
632 1785 715 1864 sigua
737 1783 780 1844 M.

321 1914 345 1956 n
367 1892 476 1952 Ambb.
501 1891 536 1952 16
556 1902 586 1952 et
611 1911 644 1971 17
666 1902 697 1953 et
716 1902 787 1952 vett
809 1889 875 1950 edd.
897 1910 933 1949 ne
953 1889 1074 1950 dubites.

328 2000 346 2060 3
367 1998 454 2059 Amb.
471 2020 498 2058 1:
513 2000 593 2058 navis
605 2017 683 2057 suar.
698 1996 881 2056 Niebhurius
892 1995 1143 2078 palaeographiae
1153 1995 1263 2058 latinae
1277 2019 1325 2080 pe·

366 2106 542 2176 ritissimus,
570 2125 664 2183 quum
686 2106 719 2162 in
746 2105 955 2183 antiquissimo
980 2102 1046 2162 cod.
1067 2103 1215 2164 Vaticano
1240 2103 1279 2162 de
1298 2125 1327 2162 re

364 2193 446 2292 publ.
479 2208 748 2281 animadverterit,
778 2212 982 2270 accusativum
1012 2210 1162 2290 pluralem
1194 2231 1325 2282 vocum,

367 2337 444 2396 quae
465 2319 630 2396 genitivum
653 2319 684 2375 in
705 2319 765 2376 ium
791 2315 926 2389 flectant,
951 2318 1106 2376 terminari
1134 2319 1158 2376 ts
1181 2319 1326 2398 (quatuor

366 2426 496 2508 exceptis
509 2423 616 2502 locis),
636 2422 768 2484 defendit
788 2424 812 2481 is
831 2422 879 2482 edi
900 2433 1047 2504 oportere.
1068 2423 1129 2482 Nos
1142 2433 1245 2483 tamen
1260 2445 1325 2483 curn

366 2550 394 2588 v.
409 2529 445 2588 ci.
459 2529 621 2590 Gerlachio
635 2529 716 2608 vulg.
733 2529 866 2590 lectionis
880 2531 1090 2590 auctoritatem
1110 2539 1253 2602 tuemur,
1273 2529 1324 2589 do-

364 2654 420 2694 nec
441 2634 548 2714 regula
574 2635 675 2716 aliqua
696 2638 817 2695 inventa
838 2637 891 2708 sit,
912 2634 950 2695 ad
971 2655 1064 2716 quam
1084 2634 1231 2695 iudicium
1256 2635 1325 2695 diri·

367 2749 472 2819 gatur3
493 2740 540 2800 vel
562 2740 632 2801 libri
652 2744 858 2822 reperiantur,
879 2745 932 2824 qui
953 2753 1125 2802 constanter
1150 2744 1175 2800 is
1203 2763 1325 2824 persua-

368 2843 466 2906 deant.
488 2847 557 2908 Vid.
572 2846 729 2908 Niebhurii
745 2848 877 2936 Iudicem
893 2851 922 2908 in
937 2848 998 2908 Cic.
1013 2847 1106 2908 libros
1120 2847 1157 2907 de
1173 2849 1218 2906 Re
1231 2848 1327 2930 publ,

367 2950 473 3014 edente
504 2953 587 3013 Maio
608 2989 648 3002 -·
670 2953 790 3016 Salustii
820 2955 924 3038 Opera
944 2955 1049 3016 edente
1074 2953 1224 3026 Gerlach,
1247 2955 1325 3014 Basi-

367 3057 431 3120 leae
457 3057 549 3133 1823,
568 3080 635 3141 pag.
655 3061 710 3120 XI.
934 3069 937 3078 ’

799 3276 852 3336 VI.

332 3497 342 3537 r
370 3479 418 3540 Sic
440 3477 591 3543 volebate
613 3485 677 3545 cod.
700 3485 906 3548 Tornaesiano
927 3484 1108 3557 Lambinus,
1122 3497 1151 3546 et
1165 3489 1210 3546 sic
1232 3487 1324 3548 editur

368 3609 386 3646 a
412 3589 644 3666 recentioribus3
675 3595 731 3652 nisi
763 3592 846 3673 quod
881 3615 947 3652 eum
979 3592 1078 3653 delent
1106 3571 1281 3665 Ernestius,
1297 3601 1323 3652 et

340 3727 342 3736 .
370 3693 488 3755 Schiitz.
510 3698 550 3757 At
570 3697 636 3758 edd.
658 3710 728 3760 vett.
749 3702 903 3760 missuram
922 3721 997 3760 eum.

330 3822 347 3860 a
369 3800 517 3876 Lucceio,
538 3816 572 3863 ut
592 3826 638 3886 ep.
661 3807 720 3876 IV,
740 3807 768 3882 4.

271 3891 274 3898 ’
326 3906 344 3964 3
366 3906 503 3984 Scilicet,
523 3923 645 3974 nostrae
666 3913 815 3974 voluntati
836 3911 1124 3996 obtemperaturum.
1152 3912 1212 3976 Sed
1239 3912 1325 3974 habet
