2924 5002
330 387 400 482 340
690 403 961 456 innumerosas

329 535 362 572 21
387 510 509 572 Licebat
530 510 609 568 enim
630 507 810 568 Consulibus
830 507 907 588 prid.
928 506 998 567 Kal.
1020 506 1096 576 lan,
1117 505 1251 578 honest,
1272 529 1326 568 au-

367 629 490 698 tequam
509 617 687 696 magistratu
707 613 838 686 abirent,
859 633 1027 674 sermonem
1049 611 1161 672 habere
1176 611 1328 694 adpopu-

367 725 429 786 lum
451 723 488 784 de
508 721 598 782 rebus
618 724 649 781 in
670 720 826 782 consulatu
846 721 927 780 actis.
948 718 1043 796 Quod
1062 730 1164 778 tamen
1183 740 1221 778 ne
1242 719 1323 778 faee—
1445 777 1446 784 ,

369 843 414 892 ret
435 830 540 890 Cicero
560 849 639 888 anno
660 850 725 910 sup.
746 825 904 909 prohibuit
924 824 1064 886 tribunus
1084 824 1124 905 pl.
1145 825 1294 886 Metellus.

331 958 367 996 22
389 937 472 1008 Scil,
493 956 581 1017 remp.
590 981 600 1008 ,
619 947 707 1016 olqrae
728 935 803 994 hanc
825 933 924 994 urbem
943 951 1010 992 ntea
1037 932 1120 992 unius
1147 952 1239 1012 opera
1265 953 1327 992 esse

368 1045 494 1113 salvam,
514 1053 548 1102 ut
574 1051 618 1102 est
645 1044 675 1100 in
696 1041 795 1100 Pison.
812 1061 836 1098 c.
852 1040 884 1111 3,
905 1049 934 1098 et
957 1059 1015 1121 pro
1043 1040 1158 1114 Dom03
1187 1041 1247 1098 Dio
1274 1038 1327 1098 lib.

369 1149 536 1219 XXXVll,
558 1169 582 1208 c.
605 1146 658 1208 38:
680 1147 770 1227 idque
791 1167 847 1228 pro
868 1147 978 1207 usitato
999 1143 1213 1208 iureiurando
1234 1165 1329 1226 remp.

370 1269 445 1315 reete
464 1268 582 1334 gestam
734 1299 738 1306 ·
1310 1267 1314 1276 '

331 1363 369 1421 23
389 1361 446 1420 Ed.
461 1360 641 1420 Rom.·Man.
656 1359 747 1436 1543,
760 1358 867 1418 Lamb.
879 1359 1009 1440 populus
1022 1361 1101 1430 item,
1115 1357 1206 1440 idque
1219 1357 1327 1440 placet.

331 1469 370 1543 al
388 1454 477 1530 inb.
499 1488 517 1528 2
538 1478 568 1526 et
592 1468 626 1526 13
647 1469 812 1527 commune.
834 1466 878 1524 Cf.
898 1465 937 1526 ad
959 1487 1005 1546 ep.
1026 1465 1064 1536 V,
1086 1485 1118 1536 n,
1138 1475 1199 1524 not.
1222 1465 1250 1523 3.

332 1572 371 1636 25
392 1572 586 1634 Ei—-dieendi
603 1576 658 1655 ipsi
677 1585 731 1634 eto.
752 1576 872 1633 Durum
892 1571 951 1632 hoo
972 1573 1070 1631 visum
1091 1571 1247 1641 Ernestio,
1274 1575 1327 1651 qui

370 1680 499 1742 alterum
520 1702 536 1740 e
557 1681 675 1751 dativis,
698 1700 806 1761 nempe
826 1680 869 1752 ei,
888 1680 1026 1760 spurium
1047 1699 1110 1738 esse
1130 1677 1329 1738 coniectabat.

370 1787 509 1846 Firmant
535 1799 635 1848 tamen
657 1808 759 1848 omnes
780 1786 819 1846 ad
839 1805 935 1844 unum
962 1782 1071 1844 Ambb.
1099 1785 1180 1842 Tum
1201 1805 1259 1865 pro
1285 1784 1329 1844 di-

370 1891 457 1952 cendi
474 1893 585 1972 legitur
597 1895 628 1952 in
647 1891 743 1952 tribus
757 1891 867 1952 Ambb.
888 1891 1013 1970 aliisque
1033 1887 1198 1952 addicendi.
1224 1892 1329 1971 ltaque

370 1998 429 2080 legi
450 1999 472 2056 l.
493 1999 545 2056 Fr.
567 1998 738 2057 Gronovius
759 1997 881 2057 volebat
898 2009 1028 2078 potestus
1047 1994 1274 2058 addicendum.

332 2101 372 2168 26
389 2103 524 2164 Pertinet
544 2103 583 2162 ad
603 2103 783 2175 Lentulum,
797 2102 977 2183 Cethegum,
999 2103 1133 2182 aliosque
1147 2104 1331 2164 coniuratio-

283 2254 287 2271 .
370 2211 416 2269 nis
447 2208 592 2269 Catilinae
621 2211 799 2292 participes,
826 2230 902 2290 quos
932 2209 1037 2268 Cicero
1066 2229 1147 2268 anno
1174 2211 1330 2289 superiore

371 2315 484 2380 Consul
504 2327 602 2379 morte
622 2316 736 2388 affecit,
756 2318 830 2398 quin
844 2337 963 2376 eausam
979 2333 1164 2382 mammone
1177 2317 1329 2378 maiorum

371 2421 470 2482 dicere
489 2425 663 2506 potuissent.
685 2423 719 2482 ld
740 2426 766 2483 ei
787 2421 989 2504 exprobrabat
1008 2421 1156 2482 Metellus.

333 2548 369 2607 27
390 2528 477 2589 Vnus
497 2527 584 2588 Amb.
610 2529 644 2591 15
664 2531 838 2592 oliominem
853 2551 895 2614 g.,
913 2540 948 2592 ut
961 2528 1027 2609 ,Ort
1051 2528 1097 2598 ll,
1117 2527 1217 2590 23:0
1241 2530 1329 2590 virum

333 2739 371 2804 28
392 2741 437 2806 lta
457 2740 533 2804 bene
555 2741 679 2816 sehon,
709 2743 811 2808 firmat
831 2763 908 2808 unus
929 2740 1018 2804 Amb.
1044 2743 1087 2800 13.
1108 2741 1200 2821 Vulg.
1215 2755 1246 2802 et
1260 2741 1329 2800 Ma·
1390 2795 1391 2798 ,

353 2849 513 2925 giurettis.

333 2973 372 3033 29
393 2954 428 3012 ln
447 2957 553 3036 primis
574 2960 708 3017 oratione
727 2969 796 3039 post
809 2958 904 3030 edita,
925 2977 1016 3038 quam
1027 2953 1212 3016 Metellinam
1228 2954 1330 3034 appel-

372 3059 449 3134 lant3
470 3082 517 3143 ep.
537 3063 658 3135 XVlll,
679 3065 706 3124 6.
728 3064 806 3124 Eam
826 3064 928 3124 laudat
949 3061 1075 3140 Quintil.
1091 3062 1192 3132 1X‚3.
1208 3060 1327 3122 Seliiita·
1445 3087 1446 3092 ¹

372 3167 454 3225 Infra
474 3168 520 3232 ed.
541 3169 628 3228 Rom.
651 3172 763 3230 tertium
783 3161 897 3254 quoque
918 3170 995 3232 Non.

334 3271 372 3332 30
392 3270 500 3332 Ambb.
523 3276 541 3332 3
562 3285 591 3334 et
617 3278 650 3335 13
671 3279 836 3358 impartivit.
1043 3260 1044 3271 ἵ

334 3376 368 3434 3ι
394 3377 573 3443 Coifeinnius
594 3382 680 3442 Amb.
703 3406 719 3463 7
741 3405 786 3444 me
807 3405 866 3444 nan
886 3383 915 3442 d.
937 3383 981 3444 M.

334 3483 371 3542 32
387 3483 431 3543 lta
445 3488 617 3548 concinnius
639 3509 707 3548 curn
721 3491 801 3553 Man.
827 3489 910 3568 1543.
930 3486 1175 3560 vicemalus,
1192 3510 1209 3567 7
1231 3499 1263 3547 et
1289 3483 1324 3546 15.

372 3588 462 3670 Vulg.
485 3591 606 3656 Addam
626 3608 654 3655 et
666 3596 742 3662 illud
760 3599 860 3670 enam,
881 3616 1012 3678 quorum
1031 3594 1156 3662 alterum
1179 3595 1212 3652 in
1234 3595 1322 3656 altem

372 3717 432 3756 iarn
453 3701 536 3762 inest.

335 3801 371 3860 33
391 3803 498 3865 Dresd.
523 3829 547 3878 1,
569 3829 607 3881 2,
624 3811 707 3892 apud
729 3810 856 3883 Schtitz,
884 3813 955 3870 item
975 3810 1054 3870 Vict
1075 3806 1193 3887 {Bengel
1220 3805 1322 3868 seriali-

371 3913 511 3973 consnlto.
532 3914 587 3975 His
608 3917 684 3978 adde
705 3940 800 3981 unum
814 3917 902 3980 Amb.
924 3916 952 3977 6.
975 3916 1018 3976 Cf.
1033 3935 1101 3998 epp.
1117 3913 1277 3982 CXXVII,
1289 3911 1323 3988 42

372 4025 401 4076 et
423 4017 593 4095 CCXXIII,
615 4024 641 4085 3.
796 4013 798 4017 ¹
