2886 5000
321 443 389 519 ¹9²
668 435 837 490 emsa-ont
863 439 968 494 xxm,
1089 435 1120 486 a.
1138 439 1172 488 v.
1190 440 1218 488 c.
1236 441 1286 494 ⁶93

363 542 428 617 IX.
456 542 636 634 Quantum
660 565 744 616 vcro
769 538 856 614 illud
872 555 926 614 est
950 539 1160 616 beneficium
1184 543 1314 643 tuum',

317 668 413 772 quod
435 669 555 770 iniquo
580 681 617 739 et
641 667 736 766 gravi
754 667 912 766 vectigali
932 665 1091 740 aedilicio
1108 667 1151 767 ⁵4,
1175 671 1314 768 magnis

314 793 442 867 nostris
457 791 709 891 simultatibus,
724 793 843 869 Asiam
861 792 1038 872 liberasti?
1061 795 1256 868 Enimvero
1282 796 1313 868 si
1338 777 1345 798 ’

314 946 404 993 unus
429 919 536 994 homo
561 917 687 992 nobilis
713 919 867 1020 queritur
883 918 1019 1021 palam,
1043 933 1093 1019 te,
1118 920 1217 1021 quod
1234 920 1314 994 edi·

200 1107 203 1115 .
313 1046 420 1146 xoris,
435 1072 479 1118 ns
496 1068 542 1118 tn
554 1069 668 1119 uvnos
683 1067 853 1118 arcvunr
870 1049 1180 1144 nscinnununrvn,
1197 1072 1265 1120 n-s1
1273 1071 1315 1118 ec

314 1171 381 1243 sibi
399 1171 581 1272 eripuisse:
599 1183 730 1272 quanta
747 1170 892 1244 tandem
904 1171 1056 1272 pecunia
1080 1171 1316 1271 penderetur,

314 1297 344 1370 si
368 1297 525 1372 omnium
558 1297 718 1396 nomine,
742 1298 951 1398 quicumque
978 1298 1110 1372 Romae
1133 1295 1238 1370 ludos
1263 1297 1333 1372 ἴα)

315 1436 455 1521 cerent,
480 1423 602 1526 (quod
634 1424 803 1496 oratiam
835 1425 1057 1514 institutum)
1089 1421 1315 1521 erogareturi

314 1547 537 1649 Quamquam
556 1546 795 1648 hasquerelas
820 1547 1004 1622 hominum
1028 1562 1231 1623 nostrorum
1252 1547 1314 1622 illo

314 1671 459 1747 consilio
492 1674 746 1773 oppressimus,
779 1673 876 1775 quod
907 1675 944 1752 in
968 1675 1051 1748 Asia
1076 1674 1205 1747 nescio
1223 1699 1312 1774 quo-

313 1824 397 1872 nam
421 1799 530 1873 modo
547 1799 592 1900 ⁵⁵,
616 1801 748 1872 Romae
774 1800 916 1904 quidem
941 1826 1014 1876 non
1039 1798 1208 1878 mediocri
1230 1825 1311 1871 cum

313 1923 544 1998 admiratione
564 1923 744 2024 laudatur,
776 1925 892 2026 quod,
922 1952 1030 2026 quum
1064 1923 1110 1998 ad
1139 1923 1312 2025 templum

313 2065 648 2151 monumentumque
663 2065 823 2126 nostrum
836 2054 868 2102 ⁵⁶
887 2052 1046 2148 civitates
1064 2051 1231 2150 pecunias
1249 2050 1311 2126 de·

313 2176 521 2276 crevissent,
537 2203 713 2278 quumque
731 2175 768 2250 id
785 2190 821 2250 ct
832 2201 899 2276 pro
916 2179 1002 2252 meis
1019 2178 1153 2276 magnis
1164 2178 1315 2276 moritis,

312 2312 349 2374 et
371 2325 437 2400 pro
462 2303 531 2374 tuis
547 2302 706 2379 maximis
730 2301 910 2375 beneficiis
944 2329 1080 2376 summa
1104 2328 1167 2376 sua
1185 2301 1312 2375 volun·

312 2437 385 2498 tate
416 2425 594 2526 fecissent3
625 2429 904 2529 nominatimque
934 2428 991 2502 lex
1026 2429 1227 2526 exciperet,
1261 2453 1313 2500 vr

311 2573 358 2623 Au
396 2577 571 2627 runruvu
608 2579 942 2640 nonvuunrvuovn
977 2578 1106 2626 cunnus
1139 2577 1315 2651 nicenum

257 2779 258 2784 ἵ
312 2703 487 2780 quumque
504 2678 560 2778 id,
576 2679 672 2780 quod
689 2679 858 2780 dabatur,
874 2706 947 2754 non
965 2693 1055 2752 esset
1071 2678 1317 2777 interiturum,

311 2801 435 2876 sedin
460 2807 673 2880 ornamentis
699 2805 821 2906 templi
852 2805 1023 2904 futurum,
1048 2819 1088 2876 ut
1118 2830 1191 2876 non
1224 2803 1314 2878 mihi

311 2929 445 3028 potius,
471 2957 576 3030 quam
600 2932 734 3031 populo
760 2934 936 3031 Romano,
961 2959 1002 3004 nc
1033 2930 1100 3004 diis
1132 2932 1315 3004 immorta-

309 3051 402 3125 lihus
426 3054 547 3132 datum
571 3057 763 3134 videretur:
789 3054 907 3135 tamen
931 3058 987 3156 id,
1010 3059 1047 3130 in
1073 3082 1143 3156 quo
1163 3069 1238 3128 erat
1255 3054 1314 3128 di-

311 3179 438 3278 gnitas,
463 3196 537 3254 erat
552 3181 626 3282 len,
642 3197 716 3257 erat
733 3210 871 3285 eorum,
888 3185 947 3286 qui
972 3181 1163 3281 faciebant,
1179 3180 1311 3256 volun-

309 3317 380 3403 tas,
396 3306 637 3404 accipiendum
655 3335 728 3383 non
744 3311 885 3411 putavi3
901 3335 1009 3411 quum
1026 3306 1100 3380 aliis
1114 3306 1160 3379 de
1177 3307 1316 3402 causis,

308 3443 384 3501 tum
410 3432 515 3505 etiam
539 3449 579 3508 ut
607 3437 722 3510 animo
756 3438 919 3538 aequiore
952 3435 1080 3520 ferrent
1103 3434 1128 3504 ii
1136 3465 1152 3531 ,·
1181 3431 1316 3534 quibus

198 3541 201 3550 ’
307 3577 373 3628 nec
392 3555 578 3633 deberetur
594 3561 641 3647 ⁵⁷,
666 3589 731 3635 nec
747 3561 875 3636 liceret.
902 3562 1128 3661 Quapropter
1142 3557 1315 3650 incumbe

307 3694 385 3754 toto
418 3685 556 3785 animo,
589 3701 624 3759 et
656 3687 774 3764 studio
808 3690 903 3788 omni
936 3689 973 3760 in
1006 3713 1083 3761 eam
1115 3684 1315 3778 rationem,

309 3835 375 3908 qua
401 3809 516 3884 adhuc
540 3838 622 3886 usus
648 3841 701 3913 es,
727 3829 765 3886 ut
791 3839 870 3912 eos,
897 3839 985 3916 quos
1010 3826 1094 3885 tuae
1123 3810 1205 3882 fidei
1234 3833 1315 3908 po-

308 3937 490 4040 testatique
516 3954 661 4014 senatus
680 3940 898 4043 populusque
924 3941 1101 4013 Romanus
1122 3934 1310 4012 commisit
