2886 5000
343 395 415 490 nlo
661 414 846 468 urrsrous
872 405 1010 469 xxxvu
1119 415 1200 468 av.
1219 419 1248 468 c.
1264 415 1317 485 ⁶⁹4

341 521 413 594 telli
437 519 585 620 Nepotis
609 521 800 620 expromsit
825 519 946 594 odium
960 539 985 592 7.
1001 517 1216 620 Complexus
1240 522 1340 595 iuve-

339 671 422 721 nem
446 646 579 746 dimisi,
602 671 797 747 properans
824 645 869 719 ed
894 643 1072 747 epistolas.

340 813 344 818 ·
389 771 509 847 3vhi
541 785 640 871 sunt,
671 771 732 874 qui
762 771 861 844 aiunt
892 779 993 870 ζώσης
1025 771 1179 854 Φωνῆςῗῧ
1205 787 1342 874 quanto

337 897 447 1000 magis
472 897 547 972 vidi
571 923 614 972 ex
630 897 699 975 tuis
715 897 840 996 literis,
866 923 970 1000 quam
988 921 1032 969 ex
1049 895 1140 969 illius
1158 922 1344 999 sermone,

338 1023 425 1126 quid
448 1023 625 1124 agereturl
642 1023 686 1098 de
702 1022 935 1098 ruminatione
952 1022 1155 1126 quotidiana
1165 1005 1197 1124 Ι9,
1215 1022 1259 1098 de
1278 1050 1342 1098 co-

340 1144 509 1250 gitatione
540 1147 674 1248 Publii,
705 1148 750 1222 de
782 1147 876 1222 lituis
907 1150 1074 1249 βοώπιδος,
1100 1148 1144 1222 de
1176 1149 1342 1248 signifero

339 1275 553 1375 Athenione,
577 1275 623 1350 de
638 1274 746 1348 literis
761 1274 876 1348 missis
899 1273 946 1348 ad
961 1276 1132 1372 Gnaeum,
1157 1273 1202 1346 de
1220 1274 1342 1350 Theo·

338 1398 481 1500 phanis,
503 1400 727 1500 Memmiique
744 1423 912 1492 sermone.
930 1401 1111 1492 Quantam
1126 1424 1236 1499 porro
1249 1399 1342 1473 mihi

338 1525 634 1625 exspectationem
668 1524 795 1598 dedisti
818 1524 974 1600 convivii
998 1525 1098 1598 istius
1122 1528 1267 1620 ἀσελγοῦς
1287 1525 1341 1600 ¹⁰l

337 1649 423 1722 Sum
447 1651 485 1722 in
510 1650 708 1724 curiositate
733 1653 901 1752 ὅξύπεινοςτ
925 1648 989 1723 sed
1011 1663 1132 1723 tamen
1155 1649 1257 1723 facile
1274 1676 1338 1751 pa·

336 1776 406 1849 tior
423 1789 457 1850 te
481 1775 520 1848 id
544 1774 590 1848 ad
613 1802 671 1850 me
694 1785 860 1871 συμπόσιον
884 1800 958 1850 non
981 1774 1149 1875 scribere;
1174 1801 1337 1877 praeseu-

336 1915 408 1973 tem
433 1900 553 1974 audire
577 1899 679 1974 malo.

307 2115 309 2122 y
335 2099 338 2106 ,
385 2025 542 2120 40υο«1
566 2052 639 2125 me,
655 2039 704 2126 ¹ut
719 2025 869 2100 scribam
893 2023 1041 2128 aliquid,
1065 2025 1233 2100 hortaris:
1259 2052 1331 2101 cre·

335 2149 401 2222 scit
424 2149 510 2223 mihi
535 2149 677 2252 quidem
708 2152 870 2226 materies
890 2131 995 2251 ¹¹,ut
1011 2150 1131 2251 dicis,
1162 2151 1226 2224 sed
1257 2165 1334 2226 tota

333 2299 390 2348 res
415 2275 522 2350 etiam
546 2301 640 2350 nuuc
656 2274 818 2378 fluctuat,
842 2277 921 2348 Κατ’
939 2283 1059 2374 ὀπώρην
1083 2283 1173 2379 τρύξε
1198 2279 1333 2379 quaesi

335 2396 529 2499 desederit,
561 2402 670 2500 magis
702 2416 805 2476 eruut
835 2400 1005 2501 iucunde,
1037 2427 1128 2503 quae
1159 2403 1332 2477 scribam:
1434 2419 1435 2430 ¹

334 2549 423 2624 quae
448 2525 487 2608 si
502 2527 660 2600 statima
684 2553 742 2601 me
767 2527 855 2600 serre
887 2552 961 2602 non
992 2528 1167 2628 potueris,
1197 2521 1339 2629 primus

333 2647 478 2724 habebis
504 2664 639 2751 tamen,
664 2665 700 2725 et
725 2651 928 2756 aliquandiu
948 2649 1052 2727 solus.
1078 2653 1332 2758 Dicaearchum
1433 2681 1434 2690 ¹

332 2767 427 2868 recte
451 2802 555 2851 amas.
579 2775 793 2854 Luculentus
820 2777 929 2853 homo
958 2791 1028 2877 est,
1052 2791 1088 2851 et
1113 2778 1201 2852 civis
1231 2779 1328 2854 haud

331 2900 451 3000 paullo
474 2901 614 3004 melior,
638 2931 744 3008 quam
760 2905 818 2978 isti
837 2893 949 2980 nostri
966 2905 1168 3002 ἀδικαίαρχοι.
1194 2904 1330 2980 Literas

275 3017 276 3022 ἵ
330 3027 455 3127 scripsi
480 3027 567 3106 hora
592 3028 726 3113 decima
743 3029 954 3117 Cerialibus,
971 3030 1108 3129 statim,
1132 3043 1174 3103 ut
1190 3043 1270 3106 tuas
1285 3030 1331 3103 le

331 3176 464 3247 geram:
489 3153 552 3228 sed
569 3181 627 3229 eas
644 3157 739 3230 erdm
756 3156 916 3256 daturus,
941 3169 981 3230 ut
996 3169 1178 3256 putaram,
1204 3156 1330 3257 postn'·

332 3273 390 3346 die
418 3277 466 3376 ei,
498 3280 557 3378 qui
587 3279 673 3354 mihi
704 3281 838 3381 primus
870 3279 1070 3354 obvenisset
1090 3296 1128 3351 ¹².
1162 3279 1329 3354 Terentia

333 3396 504 3474 delectata
535 3417 588 3476 est
626 3393 693 3480 titis
731 3407 847 3480 literis.
886 3407 1047 3507 Impertit
1084 3404 1148 3479 tibi
1181 3405 1329 3480 multam

205 3593 208 3600 ,
332 3523 492 3599 salutem:
517 3533 566 3600 καὶ
590 3536 726 3632 Κικέρων
751 3541 768 3604 ό
792 3536 953 3618 φιλόσοφος
984 3534 1034 3604 τὸν
1059 3535 1209 3606 πολιτικόν
1237 3535 1328 3602 Τίτον

330 3656 505 3754 ἀσπάζεται.
520 3699 522 3704 .
