2882 5002
317 403 367 477 68
518 413 521 420 “
664 421 833 472 errsrout
857 425 961 472 xuni.
1101 423 1131 471 Α.
1149 428 1182 474 v.
1200 427 1228 472 c.
1245 425 1303 488 σφ’

318 525 596 628 oppugnandum
612 523 808 626 profectum
819 526 845 598 ⁸.
862 524 984 626 Neque
1002 539 1122 598 tamen
1147 525 1186 598 id
1201 525 1318 626 ipsum

318 667 452 726 certum
476 651 607 750 habeo,
633 651 787 753 quando·
802 649 848 723 ad
865 651 1059 724 Antonium
1075 652 1316 751 proficiscare,

316 793 377 852 aut
401 777 487 880 quid
509 779 560 852 in·v
577 778 688 878 Epiro
721 776 890 877 temporis
923 802 1045 876 ponas.
1077 779 1132 850 Ita
1164 793 1317 877 nequet

313 905 475 978 Achaicis
506 902 723 1005 hominibus,
755 928 869 1005 neque
901 903 1091 1003 Epiroticis
1120 901 1253 1002 paullo·
1273 901 1318 973 li-

313 1029 466 1112 beriores
495 1029 611 1104 literas
648 1030 869 1102 committere
910 1027 1032 1101 audeo.
1071 1027 1161 1100 sunt
1197 1041 1316 1100 autem
1436 1077 1437 1082 κ

216 1133 218 1145 ⁵
312 1171 395 1257 post
421 1157 610 1229 discessum
637 1183 657 1228 a
682 1182 739 1228 me
765 1168 867 1227 tuum
891 1180 946 1228 res
973 1154 1098 1252 dignae
1123 1153 1231 1226 literis
1248 1180 1312 1227 no

311 1284 407 1382 stris,
432 1281 592 1355 sednon
620 1281 892 1355 committendae
926 1279 1097 1353 eiusmodi
1129 1278 1316 1379 periculo,

310 1422 351 1484 ut
375 1420 438 1481 aut
460 1409 618 1506 interire,
641 1421 702 1482 aut
720 1407 865 1509 aperiri,
891 1421 953 1480 aut
976 1406 1139 1506 intercipi
1163 1406 1313 1505 possint

362 1561 383 1607 2
409 1534 567 1608 Primum
592 1534 696 1632 igitur
721 1534 831 1633 scito,
856 1533 1009 1633 primum
1025 1558 1081 1605 me
1095 1547 1124 1584 ¹⁰
1141 1557 1215 1605 non
1237 1557 1315 1604 esse

313 1673 476 1760 rogatum
501 1659 732 1757 sententiam,
756 1659 1064 1760 praepositumque
1101 1681 1175 1730 esse
1208 1655 1314 1730 nobis

187 1801 188 1806 ’
309 1785 571 1884 pacificatorem
588 1783 818 1882 Allobrogum
836 1800 877 1883 ¹¹,
898 1783 1003 1884 idque
1028 1781 1315 1856 admurmurante

309 1925 449 2012 senatu,
474 1937 587 2013 neque
605 1910 808 2010 heinrico,
833 1936 909 1983 esse
934 1909 1073 1982 factum.
1101 1911 1183 1980 Sum
1214 1908 1312 1981 enim

308 2050 345 2108 et
370 2036 414 2108 ab
441 2036 660 2112 observando
686 2036 830 2109 homine
855 2061 1021 2136 perverso
1053 2034 1162 2134 liber,
1195 2048 1231 2107 et
1263 2033 1312 2106 ad

309 2160 514 2260 dignitatem
537 2162 575 2234 in
600 2189 637 2235 re
663 2161 805 2262 publica
832 2161 1051 2234 retinendam
1076 2173 1200 2233 contra
1217 2158 1311 2232 illius

269 2321 274 2328 ·
306 2285 527 2360 voluntatem
551 2288 702 2361 solutus:
729 2301 765 2360 et
791 2287 848 2360 ille
881 2287 1055 2360 secundus
1086 2289 1123 2358 in
1156 2285 1333 2358 dicendo·

264 2509 266 2516 s
305 2408 404 2484 locus
435 2411 543 2485 habet
576 2415 820 2486 auctoritatem
853 2439 966 2512 paene
1002 2412 1170 2512 principis
1198 2427 1238 2511 ¹²,
1270 2425 1311 2484 et

304 2537 523 2612 voluntatem
547 2565 621 2613 non
645 2539 750 2612 nimis
784 2539 985 2611 devinctam
1016 2535 1186 2611 beneficio
1221 2563 1311 2610 con-

304 2663 395 2736 sulis.
424 2666 562 2739 Tertius
589 2679 642 2738 est
666 2663 830 2764 Catulus,
856 2678 999 2766 quartus
1026 2667 1073 2752 (si
1098 2665 1204 2736 etiam
1236 2663 1309 2736 hoc

303 2792 463 2888 quaeris)
502 2793 722 2866 Hortensius.
763 2790 895 2865 Consul
921 2805 1044 2864 autem
1077 2791 1153 2890 ipse
1192 2815 1308 2889 parvo

302 2921 419 3024 animo
445 2929 481 2987 et
506 2942 635 3016 pravo,
661 2929 799 2987 tantum
825 2916 1006 2990 cavillator
1038 2942 1161 3014 genere
1193 2915 1254 2988 illo
1276 2917 1305 2964 ¹³

300 3061 460 3138 moroso,
485 3041 580 3140 qood
605 3042 712 3114 etiam
737 3043 811 3114 sine
838 3041 1022 3115 dicacitate
1039 3041 1187 3141 ridetur,
1213 3042 1303 3114 facie

302 3165 428 3263 magis⁷
454 3192 558 3266 quam
584 3167 716 3240 facetiis
745 3167 929 3268 ridiculus,
961 3167 1050 3240 nihil
1076 3193 1186 3265 ¹agens
1221 3195 1303 3240 cum

298 3314 337 3360 re
370 3288 510 3388 publica
535 3290 573 3392 ¹4,
599 3295 778 3390 seiunctus
811 3292 855 3366 ab
889 3293 1136 3394 optimatibus:
1170 3320 1192 3366 a
1230 3319 1300 3396 quo

298 3413 386 3492 nihil
418 3443 535 3520 speres
567 3418 652 3496 boni
684 3421 734 3496 rei
766 3419 950 3520 publicae,
982 3421 1063 3522 quia
1095 3444 1168 3492 non
1201 3419 1299 3517 vult3

296 3537 384 3616 nihil
416 3557 559 3618 metuasw
585 3544 681 3645 mali,
707 3547 793 3648 quia
819 3526 897 3622 'non
922 3546 1037 3620 audet.
1062 3545 1149 3618 Eius
1180 3559 1297 3622 autem

297 3664 428 3765 collega
454 3671 550 3742 etin
574 3697 631 3743 me
659 3672 957 3771 perhonorificus,
982 3688 1019 3746 et
1042 3671 1197 3774 partium
1222 3686 1294 3744 stu·

296 3789 431 3893 diosus,
456 3822 497 3868 ac
524 3795 685 3871 defensor
707 3797 934 3873 honarum15.
961 3801 1056 3892 Quin
1074 3800 1184 3874 immo
1208 3796 1296 3871 levi-

294 3929 348 3993 ter
367 3922 396 3973 ¹⁶
421 3920 512 3997 inter
537 3951 573 3997 se
600 3923 779 4001 dissident.
