2932 5000
314 384 386 478 384
677 368 950 454 ennornrionns

311 507 332 568 5
350 508 465 588 Nempe
486 503 627 564 volebant
648 502 801 565 Ciceronis
815 505 993 566 auctoritate
1006 501 1088 584 apud
1102 501 1227 562 fratrem
1240 523 1318 584 per-

350 611 459 683 ficere,
478 621 513 671 ut
539 631 646 670 eorum
674 613 819 672 avaritiae
845 613 877 670 in
902 631 935 670 re
959 607 1094 669 foenebri
1123 607 1322 690 indulgeret3

351 717 434 800 quod
453 727 536 799 patet
555 737 591 776 ex
608 717 745 798 epistolis
766 716 919 777 Ciceronis
939 737 957 776 e
977 714 1082 775 CiIicia
1107 716 1235 796 scriptis.
1255 707 1318 776 'Vi-

350 823 396 884 dit
414 823 579 883 Ernestius.
599 821 657 882 Ed.
679 821 771 883 Herv.
792 820 1013 904 mmmdentlae.

309 929 331 990 6
350 930 506 990 Emestius
527 929 653 989 coniecit
672 927 717 988 ita
736 929 935 990 commiserim.
957 925 1077 988 Schtitz.

312 1057 329 1117 7
350 1035 451 1095 Bonae
471 1035 576 1094 famae.
598 1033 792 1094 Contrarium
819 1044 864 1095 est
888 1033 965 1094 iilud
984 1053 1034 1115 ep.
1052 1028 1176 1104 XXIII,
1197 1052 1229 1111 7:
1255 1030 1321 1114 Qui

349 1139 495 1201 Palicano
507 1173 547 1186 -
561 1161 594 1200 os
614 1140 653 1200 ad
673 1140 752 1202 mele
773 1137 956 1201 audiendum
973 1137 1123 1222 praebeat.

309 1243 330 1307 8
352 1247 419 1306 Hoc
445 1248 490 1307 vis
519 1248 726 1328 oppositIonis»
748 1249 884 1329 requisit.
912 1245 1015 1328 Vulgo
1036 1258 1131 1307 tectim
1160 1245 1221 1306 mm
1241 1246 1312 1328 ipse.

351 1349 472 1411 Schtitz.

310 1479 332 1538 9
351 1455 463 1516 Schtite
483 1477 518 1516 ex
546 1459 731 1518 correctione
757 1456 889 1518 Emestii
908 1455 952 1518 nd
977 1455 1171 1518 excellentem
1192 1456 1210 1515 l.
1231 1457 1316 1538 cupi-

349 1561 478 1622 ditatem.
488 1562 545 1623 Ed.
559 1564 677 1624 Iensoni
690 1562 782 1624 habet
792 1563 1011 1635 excellentem,
1023 1560 1105 1643 quod
1117 1560 1196 1622 forte
1208 1581 1245 1621 ex
1255 1581 1314 1622 ea·-

348 1669 478 1730 cellentis
490 1669 605 1730 factum
625 1690 689 1730 esse
708 1669 833 1731 adnotat
852 1668 1018 1730 Emestius.
1038 1667 1245 1729 Excellentem
1262 1667 1314 1726 di·

349 1785 432 1835 ctum
452 1776 568 1858 accipio
582 1777 785 1857 metonymice
799 1796 858 1858 pro
870 1775 1047 1836 excellentis.
1062 1773 1149 1856 Virg.
1163 1779 1235 1835 Aen.
1249 1774 1316 1846 VI,

348 1879 416 1941 268.
437 1879 529 1941 Ibant
548 1884 665 1942 obscuri
680 1883 747 1944 sola
758 1863 813 1942 sul
825 1894 917 1943 nocte.
939 1881 1082 1942 Ceterum
1102 1879 1169 1941 edd.
1188 1901 1236 1962 pr.
1256 1879 1315 1940 ha-

346 1985 420 2047 bent
443 1999 473 2046 et
496 1987 704 2064 excellentem
731 1988 823 2050 Herv.
849 2001 880 2050 et
902 1987 1098 2051 excellentem
1122 1987 1256 2049 omnbus
1280 1987 1315 2048 in

347 2093 433 2153 rebus
453 2091 649 2175 cupiditatem.

307 2219 349 2259 io
371 2199 453 2262 Vero
474 2199 560 2262 abest
579 2201 626 2262 ed.
647 2202 722 2263 Iens.
743 2202 872 2265 Vrsinus
893 2203 923 2262 in
936 2199 1058 2262 duobus
1071 2201 1133 2262 suis
1146 2200 1233 2260 irnmo
1250 2199 1312 2280 glo

306 2308 312 2376 I
347 2307 424 2366 nom
442 2308 546 2382 etsem5
565 2307 676 2369 Ambb.
696 2331 733 2392 9,
757 2330 807 2382 10,
833 2305 867 2390 ¹7
887 2309 974 2369 imnso
995 2327 1061 2368 vem
1081 2308 1169 2368 etiam
1186 2319 1265 2388 post.

312 2433 342 2472 ιι
368 2412 418 2473 Sic
437 2413 563 2497 Malasp.
584 2426 615 2475 et
635 2415 714 2477 Vict.
735 2437 752 2476 e
772 2414 873 2487 libris,
893 2413 976 2496 quod
989 2425 1020 2476 et
1033 2413 1080 2475 ed.
1097 2413 1186 2474 Rom.
1207 2413 1315 2498 homst.

346 2516 406 2578 Alii
425 2531 479 2578 aut
496 2518 640 2581 demens.

311 2641 345 2684 12
367 2624 484 2686 Omate
503 2646 562 2709 pro
582 2627 697 2688 nullum
713 2627 869 2715 praelium.
890 2628 934 2690 Vt
952 2626 1107 2688 dimicatio
1128 2627 1230 2697 vitoe,
1249 2625 1314 2688 for-

345 2740 452 2805 tunae,
472 2734 514 2793 sic
534 2733 688 2794 dimicatio
708 2735 815 2817 praelii
835 2744 1014 2818 usurpatum
1035 2735 1090 2795 etsi
1103 2732 1164 2794 hoc
1177 2733 1313 2795 insolen-

346 2846 401 2896 ter.
424 2837 468 2898 ef.
489 2839 554 2899 Nat.
574 2840 614 2900 D.
635 2841 681 2913 11,
702 2860 729 2901 2.

310 2941 345 3002 13
367 2943 429 3003 Vel
446 2943 507 3004 hoc
527 2944 595 3006 loco
616 2949 782 3030 opponitur
802 2949 939 3028 sequenti
958 2947 1062 3022 cuam,
1082 2945 1167 3027 quod
1181 2949 1235 3028 qui
1249 2966 1313 3008 non

344 3061 490 3131 ceperunt
510 3054 586 3112 lens.
606 3039 716 3127 Aldus,
743 3052 873 3116 alterum
900 3054 946 3114 vel
964 3063 1033 3114 ante
1060 3053 1228 3134 vigilantem
1255 3053 1311 3114 ad-

344 3152 495 3217 diderunt

309 3259 345 3336 ¹4
366 3259 401 3320 Id
431 3272 496 3334 est,
523 3245 719 3329 Graecorum.
746 3265 944 3327 Faceiolams.
967 3265 1069 3337 Afros,
1099 3264 1255 3347 Hispanos
1281 3276 1313 3327 et

344 3365 448 3427 Gallos
467 3369 614 3432 immanes
634 3394 669 3434 ac
689 3371 836 3433 barbaras
856 3375 993 3433 nationes
1006 3371 1115 3446 initas
1130 3371 1310 3454 9appellat

308 3471 348 3532 15
369 3471 446 3534 Sunt
458 3474 605 3550 Romani,
625 3489 656 3539 et
669 3489 866 3562 opponuntur
880 3480 976 3539 sociis.
998 3479 1079 3538 Tum
1091 3477 1252 3560 publicani
1262 3498 1312 3537 ne-

342 3579 676 3668 cessitudinenttingunt
696 3585 888 3656 Ciceronem,
908 3587 979 3665 quia
998 3593 1031 3643 et
1051 3585 1108 3666 ipsi
1130 3592 1159 3643 et
1183 3585 1310 3655 Cicero,
1461 3625 1462 3701 1

342 3705 378 3744 ex
398 3685 504 3748 ordine
517 3694 647 3771 equestri
662 3700 764 3761 erant,
784 3700 815 3750 et
825 3688 979 3751 beneficiis
992 3689 1074 3751 ultro
1088 3691 1228 3774 citroque
1243 3689 1306 3751 eol-

341 3789 408 3851 latis
427 3804 458 3854 et
477 3799 605 3880 acceptis
626 3799 778 3857 coniuncti
799 3817 869 3857 cum
887 3817 933 3857 eo.
954 3796 1058 3857 Nostri
1068 3797 1241 3859 comulatus
1255 3799 1303 3858 be-

340 3897 458 3980 neficio,
483 3904 644 3979 minirum,
664 3905 737 3986 quia
757 3901 968 3988 ton-consulatu
992 3923 1023 3965 se
1047 3904 1199 3966 vindicem
1225 3906 1301 3966 aeris
