2834 5012
450 437 698 490 rnraonvarro
1036 441 1080 491 ar

90 546 209 630 omnia
244 557 386 624 auotor
423 569 494 654 per
530 543 744 624 sententias
773 556 944 625 conatur
972 539 1082 624 dioe—
1132 580 1135 590 ·

90 723 140 794 re,
184 719 342 774 neeesse
379 706 437 774 est
465 693 508 774 in
538 688 700 804 frigidas
729 705 769 772 et
797 693 950 804 ineptas
978 693 1081 776 inci·

91 841 166 942 dat,
196 857 236 922 et
263 842 420 952 quoties
447 843 621 954 argutias
664 853 825 951 captat,
863 842 977 922 toties
1017 869 1082 924 sa-

92 994 255 1074 tietatem
299 977 524 1104 legentibus
574 990 712 1102 pariat.
759 989 916 1072 Plinius
956 1017 1082 1090 vero,

94 1155 237 1252 praeter
258 1167 381 1251 quam
402 1137 513 1250 quod
534 1141 579 1219 in
600 1140 683 1220 suis
704 1137 878 1250 epistolis
901 1139 1082 1221 Tullium

95 1303 323 1403 perpetuum
345 1287 421 1371 sibi
441 1304 482 1370 et
501 1291 672 1372 unioum
692 1287 920 1403 exemplum
937 1315 1083 1400 propo·

94 1443 176 1543 suit3
198 1455 248 1522 ut
275 1439 375 1522 illud
402 1443 537 1552 ipsum
564 1442 668 1522 inter
695 1441 908 1551 utriusque
937 1443 1080 1552 scripta

95 1605 267 1703 appareat
295 1589 529 1690 discrimen,
566 1587 678 1702 quod
712 1590 817 1672 inter
843 1609 1011 1700 ἀρχέτυπον
1043 1605 1083 1673 et

95 1739 160 1820 eins
189 1741 468 1853 imaginem,
496 1766 548 1820 ne
575 1740 706 1852 ipsam
732 1735 895 1850 quidem
919 1737 1083 1851 diligen·

95 1899 168 1989 ten,
183 1892 365 1972 interest:
379 1887 479 1971 illud
493 1886 750 1972 manifestum
765 1903 836 1990 est,
849 1860 1082 2002 argumenta

96 2032 353 2120 Plinianarum
375 2039 633 2150 epistolarum
655 2039 845 2152 pleraque
867 2065 948 2122 esse
969 2043 1083 2151 quasi

99 2181 135 2264 ad
156 2189 283 2300 ipsam
312 2186 512 2271 scribendi
553 2191 875 2273 exercitationem
905 2191 1081 2300 quaesita

98 2346 128 2413 et
147 2334 294 2420 delecta
324 2337 393 2450 (1)
422 2341 565 2451 Itaque
593 2342 638 2420 in
667 2339 742 2421 illis
772 2338 894 2451 polita
917 2338 1082 2452 quidem

97 2489 210 2568 omnia
241 2499 282 2568 et
309 2502 474 2590 ornata,
503 2489 571 2572 sed
600 2505 733 2572 tamen
765 2486 867 2570 nihil
895 2490 1081 2601 simplex,

98 2629 180 2716 nihil
205 2640 421 2722 sincerum.
443 2638 482 2721 A
501 2641 710 2723 Frontone
733 2655 889 2740 autem,
910 2642 980 2751 qui
1004 2667 1083 2722 sae·

100 2781 175 2863 calo
199 2801 293 2898 post
329 2803 471 2870 natum
500 2785 711 2870 Christum
747 2787 924 2870 seeundo
957 2788 1082 2886 vixit,

99 2931 155 3036 qui
178 2933 308 3023 XXII
337 2965 462 3022 annos
491 2953 610 3022 natus
637 2939 708 3022 vix
729 2939 948 3049 quicquam
970 2953 1081 3020 vete-

95 3097 172 3159 rum
198 3084 418 3168 lectionum
449 3089 653 3200 attigerat,
675 3089 746 3198 qui
769 3086 984 3198 deniquae
1007 3113 1081 3166 ne-

92 3229 193 3332 gotiis
206 3231 377 3342 publicis
397 3233 589 3320 abstinuit
601 3237 672 3348 (a),
686 3235 786 3348 quid
807 3233 965 3318 tandem
985 3233 1082 3316 boni

119 3563 157 3644 (Ι)
181 3565 225 3628 10·
244 3569 284 3630 M.
306 3573 431 3634 Gesneri
452 3577 536 3657 epist
558 3575 597 3636 ad
618 3573 730 3636 Comit.
762 3575 928 3636 Henrioum
951 3575 995 3634 Xl
1017 3574 1081 3632 Ru-

86 3656 221 3738 thenum,
240 3670 270 3728 iu
290 3670 336 3732 ed.
358 3673 509 3754 epistolar.
531 3674 638 3746 Plinii,
663 3674 758 3735 Paris.
785 3673 868 3736 1823.

119 3759 158 3838 (2)
181 3762 231 3822 Ad
250 3767 324 3828 Mar.
353 3767 512 3852 Caesarem
535 3772 578 3844 ll,
605 3793 614 3832 ι
639 3795 657 3832 a
680 3772 758 3834 med.
779 3807 819 3823 -
839 3773 954 3841 Maius,
984 3769 1080 3830 Praei.
1219 3801 1224 3812 =

85 3851 112 3911 in
132 3856 335 3937 Frontonem,
355 3888 385 3950 p.
406 3867 491 3930 xxi.
