2932 5000
343 375 437 490 406⁶
708 410 978 462 annortrronns

381 531 439 580 tur.
462 517 518 577 Hic
540 514 662 575 Crassus
677 517 786 574 insanis
801 513 971 597 sumptibus
991 515 1142 597 epuloque
1163 516 1245 598 plebi
1266 540 1344 580 rom.
1406 587 1410 598 ¹

380 625 452 684 dato
471 624 688 706 patrimonium
703 620 763 682 fere
777 619 968 695 exhauserat,
983 619 1049 683 Val.
1071 621 1148 682 Mar.
1164 623 1224 695 Vl,
1245 647 1282 706 9,
1300 646 1342 686 ra.

261 777 264 786 .
381 734 411 792 Is
430 740 554 813 praetor
573 727 633 788 hoc
646 747 725 804 anno
740 737 823 802 erat,
840 747 887 809 ep.
901 727 943 800 L,
964 747 1000 799 a,
1020 737 1092 788 extr.
1114 729 1171 789 Alii
1185 729 1223 789 de
1237 731 1341 792 Marco
1419 729 1420 732 ’

382 836 506 908 Crasso,
527 837 578 915 qui
599 854 655 915 per
677 831 753 892 haec
765 843 904 914 tempora
918 835 1090 893 societatem
1105 838 1258 916 potentiae
1272 859 1341 897 oum

284 999 287 1012 ,
381 942 530 1026 Pompeio
544 951 574 1000 et
589 939 714 1000 Caesare
732 942 877 1010 miserat,
889 938 991 1010 locum
1004 939 1183 1021 intelligunt.
1206 942 1267 1002 Sed
1281 942 1343 1015 hic,

383 1050 437 1109 etsi
458 1046 556 1118 dives,
578 1065 745 1127 cognomen
766 1055 867 1104 tameo
888 1043 967 1104 dives
987 1064 1049 1105 non
1069 1044 1216 1119 habebat,
1238 1060 1268 1109 et
1289 1071 1343 1131 pa·

382 1154 559 1213 trimonium
579 1171 667 1212 snum
687 1171 725 1211 ne
738 1151 811 1210 dum
833 1147 1027 1225 exhauserat,
1047 1150 1098 1211 se'd
1119 1154 1150 1212 in
1171 1153 1235 1214 dies
1257 1174 1343 1235 auge·

380 1258 441 1320 bat.
463 1257 545 1318 Infra
565 1259 664 1318 statIm
685 1277 746 1316 una
767 1256 858 1318 llerv.
879 1255 925 1316 ed.
946 1257 1089 1318 nemmem
1105 1257 1204 1318 adhuc
1216 1259 1344 1342 offindi,

381 1366 433 1448 qui
446 1363 581 1446 —serat

343 1471 363 1532 5
382 1472 552 1541 Nimirum,
571 1468 647 1530 nibil
668 1469 752 1529 aliud
773 1479 816 1530 est
837 1471 911 1531 tanti
931 1471 1041 1552 pretii,
1061 1468 1137 1530 nihil
1165 1471 1275 1538 melius
1302 1484 1345 1534 est

382 1577 442 1638 hoc
461 1589 597 1660 tempore
618 1574 713 1636 ethis
734 1573 969 1666 imperantibus,
991 1596 1082 1657 quam
1103 1575 1323 1660 philosophari.

341 1683 418 1744 (ild
438 1695 496 1756 est,
517 1686 540 1743 si
561 1683 662 1743 literas
683 1681 758 1741 darc
779 1684 824 1742 vis
844 1681 883 1742 ad
904 1681 1062 1763 Sycionios
1082 1684 1114 1742 in
1135 1705 1166 1744 re
1181 1695 1237 1744 tua
1250 1706 1341 1767 pecu-

380 1777 491 1864 niaria3
513 1807 581 1872 epp.
602 1788 723 1859 XVIII,
749 1811 777 1858 1,
799 1798 829 1848 et
848 1789 965 1860 XXIV,
986 1811 1012 1870 7.
1035 1789 1153 1850 Schiitz.

344 1917 360 1975 7
382 1894 460 1954 Edd.
484 1895 560 1954 lens.
581 1905 611 1953 et
632 1893 699 1954 Aldi
722 1915 749 1953 ιι.
770 1916 797 1953 n.
816 1917 847 1976 p.
861 1894 900 1954 N.
915 1895 1016 1956 Mm'as
1028 1895 1162 1956 recedere
1175 1901 1345 1977 cogitamus.
1453 1879 1454 1892 ἵ

381 2001 528 2060 Nimirum
550 2021 566 2059 e
587 1999 698 2080 glossa;
719 2020 790 2060 nam
811 2001 884 2062 alias
905 2021 1023 2084 semper
1042 2005 1136 2083 cogito
1150 2004 1181 2063 in
1198 2005 1344 2065 Tuscula-

383 2127 453 2165 num
474 2106 536 2189 (ep.
556 2106 709 2178 XXXIV,
730 2109 782 2188 a),
802 2119 1016 2190 praeterquam
1038 2113 1136 2192 irrep.
1159 2111 1220 2182 IX,
1243 2113 1271 2182 3.

672 2355 678 2372 ⁸
806 2349 875 2412 XL.

346 2551 356 2588 ι
382 2528 464 2589 Idem
486 2541 544 2602 est,
565 2551 599 2591 ac
621 2532 698 2606 veni,
719 2531 800 2592 Italis
811 2533 852 2614 fa
871 2531 905 2593 di
916 2535 1018 2594 venire.
1041 2533 1151 2594 Scbfitz
1167 2537 1343 2616 opinionem

381 2634 511 2696 Emestii
532 2649 690 2718 sequutus,
710 2639 751 2699 ira
762 2638 832 2721 sac3
853 2642 955 2700 vertier.
981 2639 1090 2700 Lamb.
1100 2640 1159 2722 fac
1179 2643 1222 2701 ita
1247 2644 1342 2702 venias

382 2757 416 2802 ut
432 2741 491 2814 ad,
512 2743 596 2826 quod
615 2745 713 2827 friget.

312 2923 320 2946 Ι
341 2865 360 2906 2
380 2848 544 2940 Pompeius
564 2852 701 2932 Magnus.
723 2852 762 2913 V.
783 2853 847 2912 Iud.
869 2854 935 2914 Lat.

342 2954 361 3012 3
383 2955 523 3038 Corrige,
544 2957 591 3020 vel
612 2959 717 3018 saltem
739 2959 871 3040 intellige
890 2980 960 3020 suar
978 2961 1120 3034 actiones,
1141 2960 1209 3022 illas
1230 2962 1341 3022 scilicet

382 3083 457 3143 quas
472 3061 581 3126 Caesar
594 3065 699 3126 consul
719 3063 835 3146 legibus
854 3065 994 3127 firmavit.
1016 3076 1249 3153 Εὐανατρέπτους,
1272 3089 1341 3150 pro·

380 3177 449 3248 pter
468 3174 599 3253 auspicia
620 3172 770 3254 neglecta,
791 3193 837 3254 ep.
858 3173 989 3245 XXXV,
1011 3175 1045 3246 3,
1065 3185 1099 3233 ut
1119 3174 1262 3256 explanat
1276 3175 1340 3236 Ma-

381 3277 491 3336 nutius.

341 3377 549 3454 IScribendo
569 3405 660 3466 opere
680 3383 900 3466 geographico,
919 3407 965 3467 ep.
986 3385 1120 3458 XXXII,
1146 3409 1169 3446 1.

317 3483 362 3582 ‚5
381 3485 553 3564 Lectionem
573 3490 652 3551 hanc
671 3513 741 3553 cum
762 3491 865 3562 Rusio,
886 3492 1033 3563 Graevio,
1053 3492 1127 3552 Ern.
1155 3505 1185 3552 et
1210 3493 1281 3553 Soli.
1296 3515 1340 3553 re-

381 3595 532 3674 cepimus,
553 3594 612 3658 boo
631 3619 732 3659 sensu:
756 3609 787 3658 at
807 3598 961 3678 quomodo
982 3619 1086 3680 parem
1108 3603 1206 3658 dicam
1222 3600 1337 3659 tribum

380 3699 539 3761 Aemiliam
552 3701 711 3765 basilicae?
724 3705 879 3786 quomodo
890 3727 957 3767 eam
971 3703 1095 3766 basilica
1109 3708 1232 3788 capias?
1246 3707 1340 3786 Vulg.

380 3819 413 3864 at
425 3827 514 3887 quom
524 3823 640 3891 partem
654 3813 806 3887 basilicam
828 3812 894 3873 Ald,
908 3813 943 3873 P.
958 3813 1071 3873 Manut.
1087 3813 1194 3872 Lamb.
1208 3825 1243 3872 at
1257 3835 1339 3872 com-
1451 3863 1452 3876 ,

378 3929 481 3990 parem
505 3915 657 3995 basilicam
679 3919 723 3980 ed.
746 3919 816 3980 Her.
837 3931 871 3979 ot
889 3940 979 4001 quam
999 3940 1165 4000 comparem
1185 3919 1339 3989 basilicae,
