2834 5012
307 495 353 587 42
671 510 841 561 nrrsronn
866 513 944 560 xrn.
1087 505 1275 567 A.v.c.s91

236 701 240 706 ¹
306 620 487 691 internos
513 616 647 712 auimo,
679 628 715 686 et
746 640 812 714 pro
838 611 1060 686 reconciliata
1087 611 1211 710 gratia,
1236 635 1303 682 nee
1400 617 1401 674 ἐ

298 733 364 816 ¹me
390 742 569 814 absentem
586 757 601 788 ²
627 739 778 813 ludibrio
803 739 936 812 laesum
961 739 1019 836 iri,
1040 763 1106 809 uec
1125 736 1305 810 Metellum

308 868 451 942 fratrem
468 870 497 966 ³,
520 867 566 939 oh
601 866 751 965 dietum,
784 867 899 968 capite
932 892 972 937 ac
1006 865 1153 937 fortunis
1182 889 1245 965 per
1268 875 1306 934 te
1400 949 1401 956 ἵ

310 1007 552 1096 oppugnatum
584 994 633 1065 iri.
671 994 787 1083 Quem
823 993 852 1065 si
884 1018 1009 1092 parum
1046 990 1162 1092 pudor
1197 989 1305 1088 ipsius

311 1120 539 1194 defendebat:
578 1117 770 1226 debebatl
807 1118 863 1192 vel
894 1118 1042 1194 familiae
1080 1131 1218 1192 nostrae
1251 1115 1309 1188 di·
1400 1145 1401 1212 j

312 1246 424 1346 gnitas
441 1247 474 1344 ⁵,
510 1243 568 1317 vel
600 1270 718 1318 meum
749 1244 904 1318 studium
938 1270 1018 1342 erga
1044 1247 1140 1316 vos⁶
1166 1267 1309 1342 remque
1400 1225 1401 1272 l

312 1371 506 1471 publicam,
531 1371 614 1442 satis
640 1368 829 1444 sublevare.
862 1370 965 1442 Nunc
991 1369 1095 1443 video
1120 1367 1216 1440 illum
1242 1369 1311 1440 cir-

289 1509 557 1604 Noumventum,
581 1523 638 1568 me
664 1496 857 1594 desertum,
875 1523 895 1568 a
913 1496 1038 1597 quibus
1059 1496 1203 1568 minime
1229 1519 1313 1565 eon-

313 1621 485 1696 veniebat.
522 1623 646 1722 Itaque
682 1623 719 1693 in
757 1620 853 1694 luctu
880 1635 915 1693 et
940 1621 1099 1722 squalore
1125 1646 1201 1691 sum
1213 1674 1222 1716 ,
1251 1620 1315 1718 qui
1400 1631 1401 1704 ξ

313 1749 540 1854 provinciae,
575 1748 635 1849 qui
671 1748 852 1820 exercitui
872 1774 1057 1848 praesum,
1089 1747 1150 1848 qui
1181 1741 1314 1816 bellum

316 1898 408 1974 gero.
444 1875 543 1963 Quae
576 1874 743 1972 quoniam
768 1899 833 1945 nec
859 1875 1015 1973 ratione,
1047 1899 1112 1944 nec
1142 1871 1316 1944 maiorum

316 2011 519 2080 nostrorum
541 1997 775 2072 -clemeutiar
813 1999 1103 2096 administrastis,
1139 2022 1212 2069 non
1249 1996 1317 2068 erit

318 2123 535 2226 mirandum,
560 2125 588 2194 si
614 2150 677 2197 vos
703 2123 907 2224 poenitebit.
934 2125 986 2198 Te
1012 2139 1084 2198 tam
1109 2121 1258 2196 mobili8
1278 2123 1318 2198 iu

318 2273 376 2321 me
401 2275 567 2350 meosque
593 2275 667 2321 esse
706 2252 823 2326 animo
860 2275 933 2324 non
958 2249 1149 2350 sperabam.
1180 2250 1238 2321 Me
1263 2249 1318 2320 in-

320 2387 415 2447 terea
441 2399 505 2446 nec
532 2374 743 2454 domesticus
771 2376 889 2474 dolor,
913 2403 978 2449 nec
1004 2377 1208 2477 cuiusquam
1232 2376 1319 2454 iniu-

320 2499 371 2576 ria
396 2526 416 2576 a
440 2527 478 2573 re
503 2499 643 2601 publica
670 2502 829 2576 abducet.
856 2501 955 2576 Vale.

769 2755 868 2829 XIV.
1073 2797 1298 2858 (sauram)
1400 2765 1401 2774 ἵ

324 2929 545 3008 Argumentum.
568 2953 585 2989 2
605 2933 719 2992 Metelli
740 2933 883 3014 epistolae
904 2935 1009 2994 Cicero
1031 2935 1072 2992 sic
1093 2933 1270 3016 respondet,
1288 2909 1344 2990 ut*

364 3038 497 3124 primum
510 3047 600 3115 neget
612 3059 643 3097 se
656 3059 726 3102 eum
741 3039 873 3104 ludibrio
888 3039 1044 3117 habuisse3
1065 3060 1083 3098 2
1097 3017 1206 3100 deinde
1227 3051 1321 3100 osten·
1400 3047 1401 3068 ¹

364 3139 429 3212 dat,
450 3163 481 3203 se
502 3145 603 3203 omnia
624 3145 771 3208 amicitiae
793 3147 894 3209 officia
914 3169 985 3228 erga
1006 3167 1076 3212 eum
1098 3167 1246 3220 servasse,
1260 3146 1322 3225 qui

364 3245 421 3305 bus
443 3247 492 3307 ille
513 3269 622 3330 parum
643 3253 849 3334 responderit3
877 3255 894 3313 3
916 3257 1044 3334 gratiam
1064 3256 1143 3313 inter
1163 3274 1215 3313 eos
1235 3271 1322 3312 num-
1400 3267 1401 3326 ᾗ

366 3373 458 3432 quam
478 3356 667 3416 immutatam
688 3380 770 3434 esse3
792 3361 814 3436 4
834 3360 962 3440 denique
983 3361 1098 3444 seleius
1118 3359 1243 3418 fratrem
1262 3376 1322 3415 non
1400 3347 1401 3416 l

366 3480 571 3541 oppugnasse,
592 3463 643 3527 sed
664 3487 694 3524 se
715 3468 815 3554 ipsum
835 3469 1022 3553 oppugnanti
1044 3467 1193 3526 restitisse.
1208 3463 1229 3524 5
1242 3464 1325 3522 cete-
1400 3495 1401 3558 p

366 3585 436 3624 rum
457 3588 487 3627 se
508 3568 606 3628 dolori
628 3571 740 3631 Metelli
762 3595 796 3632 ex
817 3595 920 3634 amore
940 3574 1040 3634 fratris
1054 3593 1116 3632 non
1129 3571 1227 3632 solum
1241 3572 1324 3650 igno-
1400 3579 1401 3646 ξ

368 3693 462 3744 scere,
476 3675 527 3734 sed
541 3696 690 3738 summam
704 3682 795 3738 etiam
807 3680 927 3742 laudem
942 3679 1093 3751 tribuere,
1105 3700 1211 3760 seque,
1223 3659 1322 3757 riuoad
1400 3667 1401 3716 l

368 3777 496 3878 voluerit
517 3779 669 3864 Metellus,
685 3787 742 3878 ipsi
763 3788 976 3856 amicissimum
998 3786 1136 3856 futurum
1157 3781 1322 3867 profitetur.
