2932 5000
495 413 533 458 m
558 404 747 460 nrtsronls
1046 390 1115 492 397

113 512 134 572 6
155 510 224 572 Sell.
246 509 301 570 Est
320 531 356 570 ne
377 511 472 587 locus3
493 510 657 572 infinitivus
682 511 818 572 absolute
840 523 976 595 sumptus
997 525 1041 576 est
1062 515 1117 576 ad-

156 619 301 678 mirantis.
322 615 408 698 Virg.
429 620 459 689 I,
481 617 537 698 37:
565 617 654 678 Mene
674 617 808 678 desistere
829 621 956 680 victam?
985 620 1029 681 Cf.
1050 621 1117 682 loce

157 724 266 785 similia
287 745 305 782 a
325 723 456 784 Graevio
476 734 599 797 notata,
628 745 676 806 ep,
695 725 848 816 xxxix,
869 727 948 801 init.;
977 729 1048 786 lust.
1069 728 1116 798 11,

156 853 196 913 9,
221 833 273 906 14,
293 841 323 892 et
342 831 430 902 VIll,
452 849 487 902 a,
507 831 625 912 aliaque
646 834 801 891 sexcenta(
814 831 872 892 Hic
884 853 961 896 ,cum
983 831 1116 912 quodam

157 937 320 1020 voluptatis
341 957 436 998 sensu.
462 936 630 1009 Vatinium,
644 939 696 1018 qui
715 936 775 998 hoc
796 958 875 998 anno
895 937 1034 1000 tribtmus
1054 938 1117 1020 ple-

155 1043 203 1103 bis
224 1052 303 1114 erat,
324 1043 461 1103 Ciceroni
484 1063 577 1125 quam
597 1045 727 1104 maxime
746 1046 867 1104 invisus.
919 1103 922 1110 ,

117 1172 134 1228 7
157 1147 306 1210 Scribitur
326 1151 357 1208 in
371 1149 416 1210 ed.
428 1150 514 1210 Rom.
536 1159 567 1210 et
586 1171 605 1208 a
625 1149 733 1210 Graes.
749 1148 811 1208 XX
819 1150 898 1224 viris3
911 1151 932 1210 ii
946 1153 1011 1236 agri
1024 1149 1114 1210 Cam-

155 1258 227 1336 pani
248 1254 423 1316 aesdmandi
444 1267 474 1316 et
494 1255 646 1316 dividendi
660 1277 687 1316 ,ε
701 1255 826 1318 Caesare
848 1259 1000 1318 constituti
1012 1267 1114 1322 ,erant

159 1362 192 1421 V
192 1364 269 1421 irum
287 1373 317 1420 et
335 1361 447 1421 ¹ociorem
459 1361 544 1432 velit,
557 1362 628 1442 quia
645 1381 748 1422 omnes
762 1381 943 1444 magnopere
957 1362 1014 1442 legi
1029 1351 1116 1444 agra-

155 1467 220 1526 riae
242 1469 310 1549 (ep.
337 1467 490 1538 XXVIII,
519 1467 831 1546 3).adversahentur.,
850 1468 936 1533 Hanc
956 1468 1115 1531 lectionem

155 1595 173 1633 e
195 1576 383 1634 correctione·
408 1573 535 1634 Corradi
561 1574 728 1656 profectam
749 1573 877 1636 libenter
896 1585 969 1656 post'
985 1575 1115 1646 Graec,

155 1679 230 1740 Em.
252 1690 281 1738 et
302 1678 371 1739 Sch.
390 1681 520 1763 amplexi
542 1699 678 1752 sumus„
693 1680 778 1762 quod·
802 1678 881 1743 belle
902 1683 944 1740 rei
967 1683 1114 1750 convenit.

155 1786 213 1846 Ed.
242 1788 316 1846 lens.
350 1805 440 1846 unum
465 1807 526 1848 esre
552 1787 679 1858 salvem,
702 1786 793 1867 ‘quod
821 1785 1115 1876 vulgatum.factum

156 1904 211 1953 est:
232 1895 269 1952 At
290 1893 381 1952 onem
400 1904 430 1952 et
450 1877 647 1954 vtumhcili'
660 1894 787 1974 negotio
802 1895 923 1958 inis,
941 1901 1116 1972 permutan-

156 2009 225 2071 tur,
245 1999 387 2070 etrivom
407 2001 467 2058 iem
488 2010 575 2063 antea
588 2019 622 2060 ex
636 2000 802 2060 Deourtato
823 1997 982 2058 refinxarat
995 1997 1115 2070 Rosius,

155 2116 187 2166 et
207 2105 238 2165 id
259 2109 357 2187 ipsum
378 2106 540 2188 praesefert
566 2106 630 2167 cod.
658 2106 772 2166 Balliol.
806 2105 883 2164 Cum
909 2123 945 2162 eo
967 2102 1064 2162 emb,
1080 2102 1115 2166 16

89 2194 92 2202 ’
153 2213 252 2271 rivom
268 2233 328 2271 esse
349 2213 424 2272 velie
453 2212 509 2272 Ed.
537 2233 614 2272 rom.
647 2229 736 2274 unum
754 2228 827 2272 ,erse
847 2209 1000 2288 Sergirm,
1033 2208 1114 2289 qood

156 2337 247 2375 nemo
268 2317 448 2398 explicavit..

116 2425 137 2484 8
158 2423 220 2483 Hic
239 2427 400 2506 repetitum
421 2424 534 2486 hebent
554 2426 619 2487 edd.
641 2446 687 2508 pr.
708 2424 774 2504 hld.
804 2434 834 2483 et
849 2423 1000 2492 Victorii,
1032 2418 1114 2500 quod

157 2528 269 2610 placet,
283 2529 381 2610 .vulgo
402 2531 447 2590 hio
467 2532 609 2590 nimirum.
631 2531 719 2600 Istic,
749 2529 781 2588 id
807 2539 851 2588 est
878 2528 1001 2586 Romae.
1032 2525 1114 2584 Tum

156 2645 227 2716 post
247 2640 376 2700 ἀνέκδοτα
397 2636 462 2698 edd.
484 2647 555 2698 vett.
577 2636 732 2698 reddunto
752 2635 834 2696 nobis
845 2678 855 2706 ,
883 2632 964 2713 quod
985 2631 1114 2712 glossam

156 2751 309 2822 putemus.
822 2753 825 2760 ’
983 2789 986 2798 .
1070 2778 1075 2784 ›

115 2869 137 2929 9
158 2847 252 2924 Quod
280 2849 396 2926 Quinto
424 2850 559 2912 Ciceroni
588 2851 690 2910 Asiam
718 2849 847 2932 regenti,
874 2868 893 2906 a
916 2843 1031 2927 populo
1051 2841 1114 2902 Ro-

155 2975 252 3014 mano
267 2957 299 3014 in
319 2965 473 3038 sumptum
501 2957 644 3029 dabatur,
671 2956 702 3025 id
732 2954 787 3016 sibi
814 2953 863 3014 ille
884 2952 1023 3020 denario,
1048 2950 1067 3008 i.
1089 2968 1114 3006 e.

157 3057 247 3120 Rom.
268 3065 410 3142 pecunia,
430 3085 492 3124 non
510 3061 698 3146 cistophoro,
720 3063 772 3142 qui
790 3079 938 3124 ‚nummus
956 3066 1020 3116 erat
1034 3055 1115 3114 Asia-

157 3168 255 3238 ticus,
277 3173 376 3228 curari
397 3169 526 3230 volebat.
548 3170 627 3230 Vide
647 3172 754 3250 igitur,
774 3169 872 3247 inquit
886 3165 1007 3233 Cicero,
1021 3181 1116 3241 ecqua
1173 3247 1175 3256 J

156 3292 224 3354 spes
246 3275 283 3332 sit
303 3275 434 3347 denarii,
466 3297 504 3334 an
531 3275 704 3357 cistophoro
726 3277 856 3334 contenti
877 3291 940 3332 csse
961 3287 1114 3349 cogamur.

156 3379 371 3459 Pompeianum
386 3381 531 3462 appellet,
549 3381 631 3461 quod
652 3384 683 3441 in
705 3383 774 3440 AsIa
794 3398 935 3459 magnam
955 3375 1133 3466 pecuniam!

155 3485 321 3567 Pompeius
341 3487 382 3546 in'
394 3486 566 3568 cistophoro
587 3486 733 3558 habebat,
762 3487 927 3568 quaesitam
955 3501 1016 3562 quo
1037 3488 1114 3538 tem-

152 3611 233 3672 pore
253 3593 285 3650 in
305 3593 340 3651 iis
361 3591 533 3672 regionibus
555 3603 658 3652 contra
678 3592 884 3652 Mithridatem
910 3587 1025 3648 bellum
1047 3605 1114 3687 ges-

156 3699 214 3769 sit3
247 3717 263 3755 e
295 3711 355 3777 qua
385 3701 512 3779 pecunia
544 3710 715 3779 quaestores
743 3717 903 3758 numerare
924 3696 1038 3771 Quinto
1060 3709 1112 3749 vo-

155 3799 273 3873 lebant,
293 3805 482 3864 tantumdem
499 3807 555 3886 ipsi
569 3816 672 3886 postea
684 3801 832 3885 Pompeio
853 3803 969 3862 Romae
990 3796 1113 3858 denario

157 3912 356 3972 numeraturi.
379 3910 422 3970 Cf.
444 3932 491 3992 ep.
511 3893 613 3983 XLII,
635 3911 661 3970 3.
682 3909 801 3972 Manat.
