2882 5002
328 371 395 445 138
682 381 854 434 rrrsrom
877 385 956 434 xxv.
1105 382 1184 437 nv.
1201 388 1299 451 ena

321 497 393 570 iam
409 489 558 593 amplius
576 488 736 563 scribere.
755 488 874 580 Quum
891 485 1019 559 erimus
1036 491 1230 590 congressi,
1246 504 1324 568 tum

321 601 351 695 si
377 617 463 722 quid
487 616 670 714 resferet,
694 610 815 691 coram
839 613 1020 686 internos
1047 611 1274 722 censeremus.

372 747 394 820 3
422 742 530 836 Quod
555 742 682 817 adme
709 740 753 813 de
779 767 816 813 re
841 737 983 840 publica
1000 739 1138 839 scribis,
1161 741 1325 843 disputas
1434 727 1435 730 Ἴ

321 883 361 944 tu
393 866 536 971 quidem
561 879 598 940 et
629 879 787 942 amanter
811 878 847 938 et
878 864 1088 966 pmdenter3
1122 879 1204 939 eta
1236 869 1324 942 meis

323 994 476 1070 consiliis
500 993 591 1068 ratio
616 1004 678 1064 tua
701 1016 776 1067 non
792 987 973 1063 abhorret:
998 997 1098 1080 (nam
1130 1015 1245 1091 neque
1279 991 1325 1066 de
1434 985 1435 990 ¹

319 1133 414 1194 statu
446 1119 550 1193 nobis
581 1131 724 1192 nostrae
757 1115 968 1214 dignitatis³
993 1129 1047 1190 est
1071 1116 1326 1218 recedendum,

263 1240 265 1243 ’
318 1272 433 1347 neque
458 1245 533 1318 sine
557 1235 687 1318 nostris
713 1243 828 1344 copiis
853 1243 946 1316 intra
978 1241 1118 1321 alterius
1149 1243 1326 1344 praesidia

217 1372 219 1377 ’
319 1369 534 1446 veniendum
546 1397 557 1469 3
587 1382 624 1441 et
655 1369 702 1469 is,
737 1368 781 1441 de
814 1393 886 1470 quo
919 1367 1067 1468 scribis,
1097 1367 1186 1441 nihil
1215 1368 1325 1443 habet

273 1526 280 1538 ·
319 1494 495 1597 amplum,
518 1493 606 1567 nihil
630 1491 821 1591 excelsum,
849 1491 939 1565 nihil
970 1518 1044 1568 uon
1076 1495 1324 1595 summissum,

287 1634 291 1640 ’
318 1635 423 1723 atque
448 1615 667 1721 popularet)
685 1631 916 1693 veruntamen
943 1617 1009 1691 tuit
1037 1619 1127 1692 ratio
1144 1618 1231 1694 mihi
1249 1620 1322 1693 for-

319 1760 409 1819 tasse
435 1745 480 1818 ad
506 1743 793 1846 tranquillitatem
819 1769 981 1818 meomm
1011 1756 1213 1845 temporum
1244 1772 1322 1820 nou

316 1870 468 1968 inutilis,
494 1868 557 1943 sed
581 1869 780 1942 mehercule
805 1869 856 1942 rei
880 1868 1044 1970 publicae
1067 1869 1179 1944 multo
1213 1873 1323 1944 etiam

255 2070 258 2081 .
314 1995 450 2096 utilior,
475 2021 582 2098 quam
605 1995 722 2096 mihi„
736 1995 866 2068 civium
893 1995 1137 2095 improborum
1165 1997 1321 2098 impetus

314 2120 351 2194 in
377 2148 432 2194 me
450 2121 609 2226 reprimi,
635 2145 745 2223 quum
761 2119 913 2194 hominis
931 2121 1145 2222 amplissima
1162 2121 1324 2224 fortuna,

314 2247 538 2347 auctoritate,
564 2248 689 2347 gratia,
713 2243 943 2320 fluctuantem
968 2247 1212 2348 sententiam⁵
1237 2274 1322 2322 con·
1431 2255 1435 2264 ’

269 2346 295 2376 X'
313 2373 522 2473 firmassem,
550 2387 587 2445 et
613 2399 633 2445 a
659 2397 724 2472 spe
748 2371 923 2446 malorum
946 2372 993 2445 ad
1016 2397 1172 2447 meamm
1201 2398 1322 2446 rerum

311 2489 453 2618 ltgsdem
479 2499 742 2572 convertissem.
764 2497 881 2589 'Quod
905 2498 934 2570 si
960 2523 1041 2570 cum
1067 2497 1181 2600 aliqua
1199 2497 1323 2572 levita-

312 2633 347 2694 te
362 2625 378 2673 ⁶
396 2623 482 2696 mihi
498 2624 701 2697 faciendum
718 2622 857 2723 suisset,
873 2621 1005 2695 nullam
1022 2649 1096 2697 rem
1112 2623 1201 2696 tanti
1219 2625 1321 2698 aesti-

312 2769 489 2849 massem,
514 2749 578 2823 sed
603 2777 623 2821 a
648 2727 732 2821 met
751 2750 801 2822 ita
827 2762 905 2822 acta
929 2763 1012 2822 sunt
1027 2750 1164 2849 omnia,
1187 2774 1263 2823 non
1279 2764 1321 2823 ut

314 2899 378 2972 ego
396 2873 446 2946 illi
471 2877 666 2948 assentiens
693 2875 822 2976 levior,
847 2874 911 2950 sed
934 2889 975 2950 ιιι
994 2873 1056 2948 ille
1079 2853 1137 2948 ine
1160 2875 1318 2976 probans

316 3000 455 3096 gravior
471 2999 664 3076 ,videretur

359 3126 384 3218 4
409 3125 555 3228 Reliqua
580 3129 631 3200 sic
657 3154 677 3199 a
701 3153 758 3201 me
777 3141 926 3227 aguntur
943 3141 980 3201 et
996 3141 1156 3228 agentur,
1178 3141 1313 3200 utnon

311 3253 585 3355 committamus,
609 3268 651 3328 ut
675 3281 732 3354 ea,
756 3281 844 3358 quae
862 3255 1046 3354 gessimus,
1070 3253 1216 3327 fortuito
1236 3279 1313 3353 ges-

309 3376 394 3449 sisse
419 3375 608 3453 videamur.
635 3382 734 3454 Meos
758 3379 873 3454 bonos
899 3381 995 3456 viros
1011 3380 1038 3480 ⁰,
1061 3377 1140 3452 illos
1158 3403 1247 3480 quos
1264 3379 1312 3452 si-

309 3503 469 3605 gnificas,
494 3520 530 3579 et
554 3533 649 3608 earn,
674 3533 779 3610 quarn
803 3505 890 3580 mihi
915 3505 1002 3579 dicis
1027 3504 1194 3604 obtigisse
1213 3511 1313 3602 erdp-

307 3653 377 3728 ταν,
403 3655 476 3704 non
501 3633 608 3710 modo
633 3660 826 3736 numquam
853 3630 1025 3732 deseram,
1050 3631 1114 3706 sed
1139 3632 1264 3730 etiam,
1279 3629 1312 3703 si

311 3778 376 3852 ego
403 3755 446 3829 ab
472 3757 564 3831 illae
589 3760 742 3859 deserar,
770 3773 887 3843 tamen
911 3761 951 3834 in
975 3784 1053 3833 mea
1069 3757 1219 3858 pristina
1235 3783 1312 3831 sen-

308 3882 416 3953 tentia
442 3886 664 3982 permanebo.
692 3882 784 3958 Illud
809 3887 944 3983 tamen,
969 3883 1090 3984 velim,
1114 3883 1310 3984 existimes,
