2834 5012
510 433 757 486 ternoevrrro
1051 441 1141 494 mn

132 543 213 641 ris,
257 542 312 621 ita
354 565 524 650 operum
562 541 647 620 eius
676 565 906 654 germanam
935 539 1142 628 historiam

134 690 335 773 contineri
362 685 569 790 videbam,
590 703 640 770 ut
659 690 693 770 si
714 717 778 791 ea,
800 717 903 802 quae
924 692 967 772 in
988 693 1035 774 iis
1058 707 1141 776 tra-

55 927 58 933 ,
134 839 215 921 dita
245 853 368 940 sunt,
396 839 546 950 optime
576 837 741 939 calleas,
782 836 883 920 nihil
921 837 1029 922 aliud
1058 839 1140 924 fere
1251 848 1255 858 '

134 987 352 1090 desideres,
380 985 493 1101 quod
521 986 570 1070 de
598 991 682 1075 vita
710 987 941 1088 Ciceronis,
976 991 1141 1103 eiusque

135 1166 308 1251 operum
337 1135 502 1220 historia
530 1139 623 1220 sciri
651 1152 844 1252 oporteat.
883 1139 1026 1252 Itaque
1048 1165 1140 1222 vere

133 1283 213 1368 hoc
249 1283 367 1368 nobis
387 1285 519 1368 dicere
539 1313 655 1400 posse
677 1285 877 1387 videmur,
898 1315 962 1370 eas
985 1314 1141 1398 semper

128 1434 308 1550 hospites
336 1435 512 1536 futuras,
532 1432 670 1546 quoad
696 1437 772 1517 alio
800 1437 844 1517 in
872 1433 988 1536 loco,
1017 1463 1140 1549 quam

129 1589 174 1667 in
197 1588 335 1670 limine
354 1612 526 1698 operum
545 1583 866 1669 collocabuntur.
883 1586 1027 1694 Quum
1042 1611 1140 1668 vero
1255 1599 1258 1608 ’

128 1735 295 1818 historia
323 1735 463 1816 lumen
490 1761 613 1816 suum
640 1764 663 1816 a
685 1735 910 1816 continenti
938 1730 1139 1816 factorum

129 1886 227 1968 serie
257 1885 514 1996 potissimum
541 1898 775 1984 mutuetur,
812 1885 960 1966 iccirco
990 1883 1142 1995 episto-

131 2031 188 2116 las
217 2034 338 2115 simul
367 2043 509 2116 omnes
526 2061 598 2147 per
619 2047 850 2147 temporum
871 2029 1055 2115 ordinem
1076 2029 1140 2112 di·

132 2195 261 2292 gestas
298 2179 547 2266 exhibemus.
580 2184 644 2266 Ita
685 2209 824 2264 earum
864 2208 1025 2294 quaque
1066 2206 1141 2261 suo

131 2330 223 2412 loco
252 2333 400 2443 posita,
429 2347 469 2414 et
491 2347 720 2446 temporum
754 2347 874 2443 atque
902 2328 1140 2428 hominum,

134 2480 294 2561 alterius
341 2481 454 2564 alteri
499 2483 622 2565 instar
662 2510 925 2597 personarum
965 2482 1008 2560 in
1052 2506 1140 2560 soe·

132 2657 205 2731 na,
234 2627 540 2714 succedentium
570 2633 668 2714 serie
696 2629 834 2732 nobis,
862 2645 1069 2741 tamquam
1096 2629 1140 2708 in

133 2776 291 2879 tabula,
320 2792 411 2860 ante
440 2780 577 2864 oculos
619 2781 850 2893 proposita,
887 2776 1043 2860 facilius
1077 2801 1140 2857 res

131 2925 279 3027 rebus,
307 2923 491 3012 homines
520 2927 778 3031 hominibus,
805 2932 981 3041 itemque
1011 2923 1140 3010 homi·

131 3103 201 3158 nes
229 3073 370 3178 rebus,
391 3092 432 3159 et
456 3107 518 3161 res
545 3078 779 3162 hominibus
808 3077 941 3161 lucem
969 3069 1138 3158 adhibe-

132 3219 258 3327 bunt,
280 3253 445 3337 unoque
467 3227 617 3314 obtutu
637 3229 968 3312 coniunctionem
988 3251 1138 3324 rerum,

131 3369 366 3476 hominum,
381 3375 565 3459 locorum
583 3394 623 3460 et
641 3394 873 3492 temporum
896 3370 1137 3459 tenebimus:

130 3522 175 3601 in
204 3551 287 3634 quo
317 3524 449 3642 solum
477 3525 653 3639 perfecta
678 3557 819 3612 rerum
842 3523 1139 3636 hominumque

130 3673 294 3754 scientia
323 3676 451 3786 posita
480 3693 548 3758 est.
579 3678 693 3760 Haec
715 3695 850 3760 autem
875 3673 1046 3773 frustra,
1073 3670 1137 3756 vel

132 3820 270 3902 saltem
311 3826 470 3905 nonnisi
516 3843 606 3938 post
648 3829 823 3912 multum
866 3824 1055 3936 temporis
1098 3834 1138 3899 et
