2886 5000
331 353 403 446 aad
677 369 849 422 rarsronr
873 373 982 422 xxxrr.
1114 371 1192 424 nv.
1210 373 1238 422 c.
1256 369 1310 438 ⁶94

333 501 527 578 numquam
551 472 720 550 viderint!
746 473 807 546 ubi
822 495 929 548 nemo
945 473 1006 570 sit,
1022 483 1163 573 praeter
1178 497 1253 576 me,
1271 479 1336 578 qui
1435 571 1438 576 ἢ

324 577 541 704 ¹quemquam
566 628 608 674 ex
633 601 873 699 vigintivirisr
900 601 1021 673 vivum
1046 613 1083 672 et
1107 597 1245 676 salvum
1276 627 1335 677 ve-

328 725 386 802 lit!
402 727 465 800 ubi
481 753 538 799 me
554 725 753 828 interpellet
768 751 888 824 nemo,
906 723 1052 824 diligant
1068 733 1207 801 omnes!
1226 728 1294 800 Hic
1307 730 1333 827 ⁸,

326 851 385 926 hic
409 853 574 926 nimirum
598 855 788 924 πολιτευτέον.
811 851 904 926 Nam
927 851 1007 924 istic
1031 877 1104 924 non
1122 847 1237 925 solum
1260 880 1337 926 non
1367 928 1369 930 ,

327 977 425 1077 licet,
449 978 514 1051 sed
539 979 644 1051 etiarn
668 976 796 1050 taedet
821 977 945 1078 Itaque
966 978 1127 1076 ἀνέκδοτα,
1152 1003 1243 1077 quae
1268 978 1336 1051 tibi

325 1105 389 1176 uni
405 1103 576 1203 legamus,
588 1102 863 1203 Theopompino
875 1127 1015 1201 genere,
1032 1103 1211 1174 autetiam
1230 1129 1335 1204 aspe-

325 1231 417 1303 riore
445 1229 580 1327 multo,
610 1241 816 1330 pangentur.
849 1227 974 1330 Neque
999 1226 1095 1300 aliud
1126 1229 1197 1300 iem
1230 1231 1332 1330 quic-

326 1379 433 1455 quam
458 1359 666 1454 πολιτεύομαι,
691 1355 759 1426 nisi
786 1353 902 1428 odisse
926 1352 1126 1454 improbos,
1143 1367 1180 1426 et
1202 1353 1249 1426 id·
1277 1356 1336 1455 ip·
1406 1390 1408 1394 ·

327 1506 405 1584 ¹sum
429 1479 527 1553 nullo
545 1507 626 1552 cnm
646 1479 848 1580 stomacho,
873 1480 937 1554 sed
960 1480 1079 1581 potius
1106 1505 1187 1554 cum
1213 1479 1334 1582 aliqua

326 1605 504 1681 scribendi
529 1605 721 1706 voluptate.

374 1760 398 1805 2
424 1732 495 1805 Sed
518 1747 561 1806 ut
584 1731 630 1804 ad
655 1758 749 1818 rem,
774 1731 895 1831 scripsi
922 1729 968 1804 ad
993 1745 1196 1834 quaestores
1222 1731 1333 1805 urba-

323 1879 389 1928 nos
415 1856 460 1929 de
492 1859 617 1948 Quinti
640 1856 756 1930 fratris
780 1859 925 1956 negotio
940 1875 965 1930 a.
992 1856 1108 1943 Vide,
1134 1855 1221 1956 quid
1250 1883 1336 1930 nar-

322 1994 418 2079 rent,
442 2007 553 2083 ecqua
578 2009 659 2082 spes
685 1983 730 2054 sit
756 1981 904 2083 denarii,
927 2007 973 2056 an
999 1982 1204 2083 cistophoro
1221 1984 1334 2056 Pom-

322 2106 451 2206 peiano
475 2108 661 2193 iaceamus.
687 2110 871 2181 Praeterea
889 2108 934 2181 de
949 2134 1068 2207 muro,
1085 2121 1220 2207 statue,
1241 2107 1334 2208 quid

235 2276 240 2280 -
320 2229 520 2304 faciendum
544 2233 597 2304 sit.
617 2231 723 2306 Aliud
748 2231 853 2333 quid?
870 2234 997 2306 Etiam
1014 2232 1170 2328 Quando
1187 2247 1224 2306 te
1243 2257 1330 2334 pro·

321 2354 430 2430 ficisci
454 2357 559 2430 istinc
577 2370 697 2458 putea²
720 2357 794 2458 fac,
817 2371 858 2431 ut
882 2359 1001 2438 sciam.
1048 2447 1051 2452 Ι

732 2605 911 2684 XXXIII.
1071 2649 1128 2730 (Aa
1143 2649 1194 2696 Λιι.
1211 2650 1252 2710 u,
1267 2650 1305 2710 2>

320 2781 540 2862 Argaoaencnm.
565 2807 575 2846 1
599 2787 647 2846 De
667 2807 761 2869 opere
780 2785 984 2868 geographico
1005 2796 1037 2846 et
1063 2785 1182 2847 duabus
1210 2788 1331 2846 oratio-

360 2889 468 2962 nibus,
489 2913 564 2972 quas
585 2889 701 2954 Atticus
728 2894 948 2976 postulaverat3
971 2913 988 2952 a
1008 2893 1047 2954 de
1068 2894 1167 2956 Clodii
1194 2897 1332 2958 rationi-

358 2991 430 3066 bus,
450 2999 574 3077 suisque
593 2999 724 3072 consiliis
744 2999 783 3058 ed
804 3002 915 3072 otium,
935 3021 997 3060 non
1018 2999 1057 3060 ad
1077 3018 1142 3060 rem
1162 2999 1249 3082 publ.
1272 3023 1335 3084 ge-

356 3098 481 3160 rendum
502 3104 720 3184 spectantibus3
742 3107 760 3166 3
781 3105 819 3165 de
839 3105 1010 3166 domesticis
1032 3105 1227 3188 quibusdem.

558 3333 613 3389 scr.
629 3337 655 3388 n
674 3338 771 3390 intras
790 3341 820 3390 s.
839 3337 873 3390 v.
890 3338 919 3390 c.
939 3333 1080 3390 ncxctv.
1113 3415 1115 3420 y

625 3533 770 3601 CICERO
794 3536 945 3602 ATTICO
971 3538 1003 3602 S.

254 3787 274 3816 „
368 3759 380 3805 r
409 3735 463 3806 De
488 3737 711 3840 Geographia
737 3743 842 3815 etiam
859 3757 965 3843 atque
982 3743 1088 3816 etiam
1105 3740 1333 3818 deliberabi-

312 3885 398 3932 mus.
424 3861 609 3940 Orationes
635 3881 752 3942 autem
783 3895 840 3943 me
873 3868 960 3970 dues
992 3867 1151 3970 postulas
1170 3885 1205 3943 ¹:
1228 3897 1330 3970 qua·
1437 3955 1438 3972 χ
