2886 5000
309 373 376 445 188
662 389 830 445 nrrsrom
858 387 949 442 xxrx.
1067 359 1108 439 Ἀ.
1126 389 1160 442 v.
1179 388 1207 440 c.
1225 383 1285 444 ast-v·

302 497 384 574 dem
407 497 576 598 praetoris
601 497 747 569 comitas
772 498 810 568 in
826 497 909 569 Asia
926 507 1044 594 potest
1061 519 1154 593 esse,
1170 496 1209 568 in
1228 521 1298 597 qua

300 631 399 697 tanta
423 621 611 695 multitudo
636 618 784 720 civium,
808 634 908 694 tanta
933 613 1126 718 sociorum,
1151 634 1207 694 tot
1239 648 1298 694 ur-

299 743 383 848 bes,
408 763 463 822 tot
488 745 645 822 civitates
665 749 768 820 unius
785 743 936 820 hominis
953 760 1078 820 nutum
1094 741 1299 820 intuentur?

299 873 361 946 ubi
384 867 519 947 nullum
544 873 708 978 auinium
733 887 801 972 est,
821 871 921 981 nulla
938 873 1162 974 conquestio,
1179 863 1298 944 nullus

299 1014 455 1100 senatus,
479 999 574 1074 nulla
594 978 742 1072 torcio?
767 1000 885 1091 Quare
910 1023 1018 1100 quum
1034 998 1217 1098 permagni
1233 996 1297 1070 ho-

298 1127 400 1200 minis
419 1139 488 1224 est,
511 1140 589 1199 tum
611 1127 689 1227 ipsa
705 1138 829 1198 natura
841 1122 875 1191 4⁸
891 1123 1084 1222 moderati,
1110 1137 1184 1196 tum
1210 1147 1297 1196 vero

298 1254 404 1325 etiam
430 1251 607 1349 doctriua,
633 1266 737 1352 atque
769 1251 982 1352 optimarum
1016 1250 1144 1322 artium
1169 1247 1296 1320 studiis

299 1377 442 1478 eruditi,
458 1379 507 1450 sic
522 1401 562 1450 se
584 1374 748 1450 adhibere
765 1379 802 1449 in
819 1391 916 1449 tanta
935 1386 1125 1476 potestate,
1142 1371 1297 1447 utnulla

299 1499 364 1576 alia
376 1513 532 1603 potestas
544 1502 588 1576 ab
604 1501 661 1603 iis,
677 1503 803 1605 quibus
814 1505 890 1603 ipse
906 1497 1051 1604 praesit,
1068 1485 1294 1574 desideretur.

346 1629 443 1701 VIII.
468 1629 580 1728 Cyrus
605 1629 700 1701 illea
725 1621 969 1729 Xenophonte
993 1652 1067 1700 nou
1100 1625 1146 1700 ad
1179 1619 1292 1716 histo-

294 1755 366 1828 riae
390 1751 497 1826 fidem
521 1756 689 1855 scriptus,
713 1755 776 1828 sed
809 1755 855 1827 ad
888 1755 1037 1852 effigiem
1068 1754 1152 1824 iusti
1183 1753 1294 1850 impe·

295 1879 354 1979 rii,
380 1880 476 1954 attius
502 1905 637 1953 summa
663 1878 814 1978 gravitas
839 1879 884 1953 ab
901 1879 961 1952 illo
979 1865 1193 1980 philosopho
1213 1903 1294 1948 cum

296 2006 460 2104 singulari
486 2003 651 2095 comitate
677 2005 914 2104 coniungitur,
940 2011 1048 2106 (quos
1081 2002 1224 2105 quidem
1255 1998 1308 2086 li„

294 2123 377 2204 bros
402 2155 476 2204 non
501 2129 575 2204 sine
601 2157 705 2204 causa
730 2145 850 2204 noster
874 2128 931 2202 ille
956 2127 1139 2202 Africanus
1157 2122 1201 2200 de
1218 2153 1294 2198 ma·

294 2255 398 2330 nibus
423 2280 555 2356 ponere
580 2283 654 2330 non
679 2257 829 2331 solebat:
854 2255 989 2330 nullum
1014 2269 1068 2328 est
1084 2255 1178 2326 enim
1195 2276 1293 2354 prae-

293 2383 492 2454 termissum
516 2384 553 2454 in
584 2384 626 2456 iis
659 2383 812 2456 officium
845 2382 1019 2480 diligentis
1052 2395 1089 2452 et
1121 2377 1294 2452 moderati

293 2506 451 2607 imperii)
468 2533 602 2610 eaque,
628 2510 657 2581 si
682 2511 732 2581 sic
766 2509 875 2582 coluit
900 2508 957 2580 ille
972 2506 1016 2606 49,
1031 2507 1102 2606 ,qui
1134 2506 1292 2605 privatus

293 2631 428 2706 firturus
452 2659 644 2736 numquam
668 2633 749 2733 suit3
785 2655 938 2735 quonam
970 2630 1080 2704 modo
1108 2617 1292 2703 retinenda
1327 2717 1331 2726 .

292 2770 376 2829 sunt
399 2759 456 2858 iis,
484 2759 608 2860 quibus
633 2761 820 2859 imperium
846 2761 895 2831 ita
922 2758 1044 2831 datum
1069 2770 1136 2856 ast,
1159 2768 1200 2827 ut
1217 2753 1292 2826 red-

292 2880 430 2983 derent,
454 2898 491 2957 et
515 2885 559 2958 ab
583 2885 625 2958 iis
650 2883 784 2984 legibus
810 2885 932 2957 datum
960 2899 1030 2983 est,
1056 2882 1102 2956 ad
1128 2901 1215 2983 (pras
1240 2904 1290 2952 re·

176 3009 178 3013 ’
230 3057 232 3064 -
291 3008 500 3081 vertendum
524 3009 598 3082 esti

340 3158 365 3232 9
389 3134 441 3207 Ac
465 3134 553 3206 mihi
577 3136 719 3237 quidem
744 3130 908 3212 videntur
924 3129 994 3208 hnc
1012 3135 1129 3208 omnia
1147 3157 1222 3205 esse
1238 3156 1290 3204 re-

291 3255 432 3330 ferenda
457 3260 498 3332 iis
516 3261 557 3359 ⁵⁰,
583 3263 642 3363 qui
666 3243 835 3362 praesunt
859 3261 951 3359 aliis,
976 3274 1016 3333 ut
1040 3261 1081 3358 ii,
1107 3259 1168 3360 qui
1188 3268 1290 3329 erunt

289 3407 411 3456 eorum
427 3385 464 3455 in
481 3385 647 3486 imperio,
672 3389 742 3461 sint
759 3415 864 3488 quam
881 3386 1090 3460 beatissimi:
1109 3383 1206 3485 quod
1224 3381 1288 3453 tihi

290 3521 326 3579 et
351 3533 424 3582 esse
450 3512 744 3614 antiquissimum,
768 3526 805 3586 et
830 3513 873 3586 ab
900 3515 1002 3586 initio
1020 3512 1137 3611 fuisse,
1162 3523 1203 3582 ut
1219 3508 1286 3608 pri⁴

289 3654 387 3706 mum
411 3636 530 3709 Asiam
556 3641 716 3738 attigisti,
742 3653 925 3713 constante
951 3638 1043 3710 fama
1075 3649 1181 3736 atque
1210 3657 1283 3706 orn-

290 3757 386 3832 nium
422 3785 581 3837 sermone
619 3765 831 3839 celebratum
863 3777 924 3838 est.
962 3767 1028 3838 Est
1060 3773 1178 3844 autem
1213 3782 1282 3832 non

288 3884 396 3960 modo
422 3889 511 3988 eius,
537 3894 597 3992 qui
623 3894 725 3967 sociis
751 3908 786 3967 et
812 3891 964 3992 civibus,
989 3889 1176 3968 sedetiam
1193 3888 1284 3983 eius,
