2932 5000
329 384 401 460 382
679 401 964 460 ,tnuortrronas

366 515 542 590 prospectus
574 506 604 564 in
631 500 756 578 hortos,
783 525 874 586 quem
895 504 1063 565 suaviorem
1084 505 1218 588 angustis
1246 505 1330 566 iene-

365 615 433 674 stris
454 611 586 672 allirmat
609 611 722 672 Cicero.
753 611 836 672 Haec
862 611 993 671 Ernestii
1021 589 1193 694 explan‘atio
1219 611 1329 694 placet.

365 717 441 780 Edd.
462 737 509 799 pr.
529 738 594 799 usq.
608 716 647 776 ad
660 716 726 777 Ald.
741 715 920 789 viridiorum,
941 715 1025 798 quod
1046 719 1137 797 siqui
1154 720 1329 800 corruptio-

365 846 434 886 nem
455 836 504 890 τόυ
530 822 730 886 viridanbrum
759 823 893 907 putabit,
920 845 976 905 per
1004 844 1052 884 me
1079 822 1189 884 licebit.
1219 825 1329 910 Victo-

366 933 428 992 rius
448 953 466 993 e
485 931 550 992 cod.
571 950 626 992 suo
645 927 804 994 rudioi'um.
827 929 885 990 Sed
908 950 1002 1010 quum
1024 931 1055 990 in
1076 928 1160 990 libris
1181 930 1245 991 fere
1261 951 1327 992 orn-

366 1036 456 1098 nibus
484 1036 659 1098 antecedens
687 1056 745 1098 vox
766 1037 865 1096 aiebat
883 1035 1002 1116 legatur
1021 1046 1163 1116 corrupte
1188 1037 1333 1116 agebatur

367 1142 590 1226 proculdubio
611 1153 760 1205 extremae
780 1142 884 1204 literae
905 1163 975 1201 cum
995 1144 1133 1222 sequenti
1154 1163 1230 1204 voce
1258 1165 1333 1204 con-

367 1250 534 1332 iungendae
554 1261 638 1324 sunt,
658 1271 693 1311 ex
714 1248 824 1332 quibus
844 1248 984 1332 paullum
1007 1250 1173 1309 immutatis
1194 1251 1330 1332 exsurgit

367 1375 426 1416 vox
452 1355 627 1419 viridiorum.
653 1356 784 1440 Propius
810 1354 895 1416 libris
922 1354 1096 1416 Tunstallus
1123 1355 1151 1414 vi
1171 1353 1332 1417 radronmr.

368 1462 450 1522 Tum
471 1463 577 1524 Lamb.
598 1471 770 1547 διαφάνσεις,
790 1463 874 1546 quod
894 1462 974 1524 idem
996 1472 1098 1538 sonat,
1118 1483 1154 1522 ac
1174 1463 1257 1543 vulg.

298 1646 303 1656 .
328 1565 348 1627 5
367 1567 500 1630 Putabat
513 1570 686 1644 Emestius,
706 1571 883 1631 Ciceronem
897 1569 1049 1652 scripsisse
1062 1567 1131 1629 Iam
1137 1612 1149 1643 ,
1163 1570 1189 1627 si
1197 1602 1238 1616 -
1251 1590 1331 1631 nunc

362 1674 417 1754 fit:
437 1684 481 1736 est
501 1696 594 1757 genus
613 1677 888 1758 argumentationis.
908 1681 1041 1760 Ἔκχυσις
1053 1673 1216 1748 cadorum,
1237 1696 1331 1757 quam

286 1851 289 1856 ,
367 1801 424 1862 ego
445 1781 556 1843 scilicet
576 1783 684 1865 probo.

328 1883 349 1944 6
368 1886 434 1945 Νοιι
456 1886 621 1960 obtinebis,
640 1899 675 1949 ut
695 1911 714 1948 a
733 1909 782 1951 me
803 1897 958 1962 taceatvu,
978 1887 1062 1970 quod
1078 1872 1333 1969 'reprehenderim

366 1988 398 2052 h.
418 2013 442 2053 e.
464 1993 650 2075 repugnabo.
671 1994 764 2056 Fene
784 1995 898 2079 aliquid
911 1997 1031 2057 tacitum
1043 1994 1169 2065 dicitur,
1191 1996 1244 2074 qui
1257 1993 1332 2054 dicit

367 2099 416 2159 vel
440 2100 512 2161 facit
544 2102 659 2185 aliquid
686 2103 1007 2175 animadvertendum,
1034 2105 1082 2162 cui
1110 2111 1212 2164 tamen
1239 2121 1330 2162 nemo

369 2203 520 2268 reclamat.
549 2207 632 2268 Idem
654 2210 677 2269 l.
697 2211 733 2271 F.
760 2210 951 2282 Gronovius,
978 2210 1063 2270 cuius
1088 2206 1332 2288 explanationem

303 2333 309 2342 ·
369 2309 596 2392 adoptavimus,
622 2314 760 2397 exempla
786 2314 898 2375 indicat
926 2314 1024 2375 Plaut.
1046 2315 1127 2374 Asin.
1157 2313 1212 2384 lV,
1233 2331 1268 2383 a,
1289 2333 1333 2392 7.,

367 2417 434 2476 Liv.
456 2417 517 2490 Ill,
536 2418 602 2494 45„
622 2429 651 2478 et
673 2422 703 2491 l,
722 2419 770 2481 50.
791 2421 862 2480 Mox
876 2419 943 2480 edd.
960 2430 1029 2480 ante
1043 2419 1130 2506 Gmt.
1144 2418 1238 2478 nisisi
1249 2417 1334 2499 qud.

330 2543 346 2602 7
369 2521 441 2606 Quo
463 2521 574 2584 Caesar
586 2536 618 2585 et
636 2524 762 2586 Bibulus
784 2526 866 2587 Coss.
887 2526 1033 2607 designati
1052 2525 1264 2604 magistratum
1277 2524 1334 2586 ini-

368 2631 429 2688 turi
450 2641 544 2691 erant.
565 2631 683 2694 Manat.
739 2633 769 2708 ἰ
1230 2655 1231 2658 ’

328 2732 349 2794 8
369 2733 439 2796 Scil.
458 2735 616 2820 dtbptttare.
638 2737 683 2800 Εἰς
702 2737 827 2815 ἑκάτερον
848 2737 933 2800 abest
953 2737 1021 2799 edd.
1042 2748 1126 2810 vett„
1152 2748 1182 2798 et
1202 2735 1334 2818 glossam

368 2843 454 2924 sapit
483 2843 537 2905 Illi
565 2846 718 2918 solebant,
746 2864 856 2928 nempe
882 2845 1046 2917 Socratici,
1075 2844 1124 2905 vel
1151 2841 1332 2904 Academici.

367 2949 439 3010 Mox
459 2951 510 3011 riv
534 2951 718 3028 ἀρεσκούσαν,
738 2951 867 3014 subaudi
886 2952 1014 3024 γνῶμινι
1035 2972 1112 3033 quae
1131 2950 1248 3034 placet,
1269 2971 1338 3012 seu-

367 3056 493 3118 tentiam
512 3058 656 3140 proferre.

329 3181 350 3240 9
370 3161 472 3236 Quam
492 3163 603 3224 Caesar
623 3166 733 3226 iterum
760 3163 982 3247 promulgabit3
1004 3162 1064 3223 vid.
1093 3183 1140 3245 ep.
1161 3161 1286 3236 XXIV,
1304 3163 1332 3238 4.

333 3285 368 3325 ιο
388 3265 507 3328 Pariter
526 3270 672 3332 invidiose
693 3274 724 3330 in
744 3274 903 3354 optimates
924 3269 1056 3352 aliquot,
1076 3271 1129 3350 qui
1152 3267 1239 3329 villas
1267 3289 1335 3328 suas

370 3367 496 3433 obibant
516 3377 607 3436 animi
629 3396 735 3465 causa,
756 3397 792 3436 eo
813 3377 942 3436 maxime
961 3387 1115 3458 tempore,
1135 3394 1199 3456 quo
1226 3394 1333 3436 eorum

370 3495 463 3559 opera
483 3459 637 3561 indigebat
657 3502 704 3543 res
724 3481 808 3565 publ.
829 3482 899 3544 Vna
919 3480 965 3542 ed.
987 3481 1095 3552 Herv.,
1116 3480 1201 3562 quod
1227 3483 1336 3550 sciam,

369 3596 422 3642 aet
441 3585 529 3647 etiam
548 3586 590 3646 ad
610 3587 768 3650 Iuturnam
774 3634 784 3664 ,
805 3589 876 3670 quin
895 3585 938 3648 ud
956 3608 1001 3646 me
1021 3587 1105 3648 aium
1120 3585 1281 3647 Caesarem
1295 3587 1335 3647 sic

368 3701 515 3770 spectare,
535 3693 618 3776 quod
638 3694 703 3756 aliis
729 3693 949 3776 explanandum
977 3692 1124 3774 relinquo.
1154 3692 1245 3753 Certe
1276 3713 1337 3753 non

369 3797 479 3879 inepte.

333 3920 363 3960 ιι
390 3902 558 3980 Contendo,
578 3905 638 3968 hoo
651 3918 710 3982 est,
731 3907 864 3998 incitatio
886 3924 998 3966 cursus.
1019 3905 1075 3966 Est
1094 3927 1112 3965 a
1132 3904 1243 3978 Bosio,
1265 3907 1337 3986 qui,
