2932 5000
396 511 398 529 ³
537 447 573 496 m
601 445 788 498 nrrsroms
1089 423 1160 524 389

204 543 263 606 hoc
284 546 390 608 modo:
412 565 448 606 eo
461 548 538 608 sisic
557 550 646 609 coluit
667 550 789 631 (nempe
811 546 949 628 Cyrus),
969 550 1019 629 qui
1034 559 1088 610 etc.
1103 551 1161 609 Alii
1258 568 1259 574 ¹

202 665 272 734 post
291 657 415 734 scriptus
434 653 585 716 addebant
611 668 661 714 est.
687 655 855 726 Manutius,
881 653 969 713 Fece.
996 666 1025 714 et
1052 655 1163 716 Schiitz

177 761 396 830 ,ἅνακολουθὶαν
418 763 532 842 pariter
559 772 767 842 agnoscentes,
794 782 876 832 eam,
896 763 1071 842 praesertim
1088 769 1163 844 'post

202 864 370 946 longiorem
402 867 625 948 parenthesim,
653 889 715 928 non
743 888 819 950 opus
847 887 910 927 esse
929 865 1034 928 tollere
1060 851 1162 928 defen·

202 970 300 1044 dunt‚=
314 983 343 1033 et
364 973 494 1034 afferunt
514 972 604 1034 buius
626 977 669 1034 rei
690 973 834 1056 exempla.

161 1074 201 1137 50
222 1077 288 1138 Ald.
309 1078 400 1140 Herv.
415 1092 445 1140 et
464 1079 569 1140 Lcmb.
591 1079 742 1156 referendo
762 1081 800 1141 ab
815 1080 860 1152 iis3
881 1077 958 1138 nihil
972 1097 1057 1160 opus.
1080 1076 1161 1138 Tum

201 1194 232 1242 et
249 1205 310 1243 esse
335 1187 566 1268 antiquissimum
591 1189 796 1268 inscripsimus
819 1205 888 1245 cum
911 1185 983 1245 Ern.
1006 1197 1035 1245 et
1059 1203 1160 1246 recem

201 1289 328 1352 tionibus
351 1292 432 1367 oliis3
452 1293 533 1374 vulg.
554 1315 614 1352 esse
636 1306 666 1353 et
683 1305 743 1353 ont.
825 1283 828 1296 ’

162 1395 198 1455 51
224 1397 259 1456 ln
279 1398 382 1458 multis
403 1397 468 1458 cdd.
489 1421 548 1459 vox
569 1402 652 1460 urbes
672 1390 812 1459 adiicitur
832 1397 979 1479 superiori
1007 1393 1161 1467 membro,
1255 1451 1256 1456 ,

203 1513 238 1562 ut
252 1506 290 1563 sit
303 1485 441 1564 liberatas
463 1506 554 1565 urbes.
577 1505 635 1565 Sed
656 1525 741 1566 error
761 1507 894 1586 irrepsit,
906 1515 942 1564 ut
954 1515 1033 1564 recte
1047 1506 1163 1562 monuit

189 1609 306 1682 Foco,
327 1631 389 1670 non
410 1611 621 1692 reputantibus
642 1615 673 1670 in
696 1633 757 1692 quo
777 1609 898 1670 differat
916 1609 988 1680 urbs
1002 1611 1163 1669 u'civitete.

161 1714 201 1775 52
224 1717 325 1794 Quare
346 1718 453 1777 maiori
477 1716 651 1799 oppidorum
671 1717 864 1798 subiungitur
884 1719 984 1776 minor
1000 1715 1164 1798 frenorum?

201 1823 348 1902 Legerem
371 1843 440 1881 cum
463 1822 583 1883 duobus
603 1822 710 1883 Ambb.
732 1835 761 1884 ct
781 1822 847 1884 edd.
862 1833 932 1882 vett.
948 1801 1123 1902 oppidorum
1136 1833 1166 1879 et

191 1927 280 2009 fimo
308 1941 337 1986 ct
365 1929 525 1989 latrocinio.
546 1929 607 1990 Nisi
638 1933 733 1990 mavis
760 1940 867 2011 putare
896 1929 1051 1988 latrocinio
1078 1927 1163 1987 fano-

201 2055 272 2093 rum
298 2037 414 2095 maiora
448 2057 529 2108 esse,
558 2056 649 2116 quam
682 2037 881 2119 oppidorum,
912 2033 952 2094 ob
980 2033 1163 2114 religionem.

201 2139 306 2201 Furto
323 2140 400 2202 fiunt
425 2142 521 2214 clam,
552 2143 704 2207 latrocinia
731 2129 846 2224 palem.
869 2141 918 2202 Ab
945 2143 1003 2201 otio
1034 2140 1164 2222 loeuple-

203 2250 286 2320 tium‚
307 2246 394 2309 Amb.
421 2247 455 2310 16
477 2261 506 2308 et
526 2249 571 2308 ed.
593 2249 682 2309 Rom.
703 2261 737 2308 ut
757 2250 829 2309 alias
851 2269 976 2330 semper.
997 2246 1101 2326 Vulgo
1123 2246 1165 2306 lo-

201 2355 359 2435 cuplctum.

160 2458 202 2521 53
223 2461 285 2539 Qui
306 2463 401 2522 cuivis
424 2483 459 2522 ex
481 2443 596 2545 populo
617 2459 655 2523 od
669 2474 698 2524 te
711 2463 905 2544 permittitur.
927 2461 998 2520 Mox
1012 2460 1165 2520 exclusam

203 2580 264 2641 τιιος
288 2580 346 2628 toto
366 2567 411 2640 d.,
433 2571 670 2652 interpunximus
692 2589 761 2629 cum
776 2568 859 2628 Oliv.
882 2568 974 2626 Aliter
988 2565 1038 2624 alii
1059 2564 1163 2624 exolu-

201 2692 281 2748 sam3
304 2685 352 2733 tuo
374 2686 433 2735 toto
454 2673 483 2732 d.
505 2678 544 2735 At
565 2697 656 2757 supra
677 2682 693 2751 S
715 2698 731 2756 7
754 2677 796 2734 in.
811 2675 838 2732 in
853 2686 932 2732 conto
953 2671 1088 2752 imperio,
1103 2671 1164 2729 sine

205 2791 265 2840 tuo.
287 2779 454 2841 Lambinus
474 2801 535 2841 non
557 2784 619 2842 sine
639 2781 691 2842 lib.
712 2776 766 2840 sed
784 2802 819 2841 ne
841 2780 928 2840 domo
949 2777 1066 2861 quidem
1094 2787 1165 2845 tna,

202 2897 233 2944 et
251 2907 275 2944 c.
297 2907 358 2945 esse
379 2888 540 2948 exclusam.
562 2890 643 2947 Tum
664 2888 730 2948 edd.
753 2889 829 2948 lens.
851 2877 959 2946 Minui.
980 2885 1045 2944 Ald.
1073 2883 1164 2942 Her-v.

201 2991 309 3051 Lamb.
332 3014 401 3053 cum
423 2993 509 3053 Amb.
536 3015 569 3074 ¹7
592 3006 650 3055 toto
671 2993 795 3078 denique
816 2995 845 3054 in
866 2994 992 3074 imperio.

160 3096 203 3174 54
225 3096 274 3156 Sic
294 3109 399 3159 autore
422 3099 614 3160 Hotomonno
637 3103 788 3182 rescripsit
818 3102 907 3160 etiam
929 3097 1049 3158 schutz.
1071 3095 1162 3175 Vulg.
1240 3123 1244 3135 ‘
1335 3154 1337 3161 .

203 3205 337 3284 vectigali
354 3203 568 3277 aedificiorum,
590 3209 638 3265 cui
666 3208 755 3266 etiam
782 3209 806 3268 si
832 3204 973 3266 subaudis
1001 3205 1164 3272 bominum,

202 3310 269 3382 vel,
289 3321 325 3370 ut
345 3311 433 3370 Face.
455 3315 588 3384 monuit,
610 3334 776 3386 munerum,
798 3323 843 3373 est
872 3313 1048 3371 inconcinna
1068 3309 1164 3369 lectio.

160 3414 202 3476 55
225 3415 294 3476 sch.
317 3438 352 3476 ex
374 3420 546 3478 coniectura
565 3419 696 3480 Emestii
718 3419 870 3502 rescripsit
890 3419 986 3478 nescio
1010 3412 1164 3498 quomodo.

207 3521 345 3602 Quonam
365 3523 453 3584 modo
473 3545 530 3606 pro
546 3526 701 3605 quomodo
715 3527 788 3586 alias
803 3528 934 3585 occurrit
948 3522 1029 3604 apud
1044 3523 1118 3591 Cio,
1132 3528 1166 3577 ut

204 3631 238 3686 in
258 3650 305 3711 ep.
325 3629 481 3702 Dccxv,
503 3641 532 3690 et
552 3631 720 3693 Pollionem
743 3654 788 3714 ep.
809 3628 1060 3691 DCCCXXXlll.

162 3732 204 3794 56
226 3733 272 3794 Ad
292 3735 439 3817 templum
460 3737 526 3796 Diis
547 3738 768 3800 immortalibus
782 3737 1019 3822 pro‘gratiarum
1036 3733 1167 3799 actione,

204 3840 245 3900 ad
264 3854 495 3902 monumentum
515 3855 688 3906 nostrorum
710 3846 858 3905 laetorum
880 3841 1043 3903 memoriae
1064 3839 1094 3895 in
1109 3854 1166 3916 po·

206 3956 320 4008 sterum
342 3947 515 4030 prodendae
537 3971 626 4012 causa
647 3951 897 4013 constituendum.
921 3949 981 4009 Pro
1008 3944 1078 4004 neeis
1103 3959 1168 4001 mo·
