2834 5012
359 397 402 472 r6
730 416 900 468 rrrsrom
924 421 957 466 v.
1118 416 1147 466 Δ.
1168 421 1201 467 v.
1220 417 1312 468 cese
1406 465 1407 486 ἶ

402 523 424 598 3
450 520 581 598 Cbilius
606 533 640 594 te
665 534 779 621 rogat,
803 535 839 594 et
862 545 928 619 ego
953 521 1026 593 eius
1058 533 1200 621 rogatu,
1226 525 1335 614 Εὐμολ-
1406 487 1407 514 ¹

352 649 446 718 πιδῶν
469 655 589 744 πάτρια.

810 896 872 968 Vp
1090 895 1148 953 (re
1163 897 1215 944 iu.
1230 897 1256 954 r,
1274 898 1319 952 ω)

351 1074 568 1154 Argrmoentum.
594 1095 604 1132 r
630 1074 812 1134 brevitatem
837 1072 978 1154 epistolae
1010 1083 1137 1132 excusat
1159 1094 1177 1132 2
1197 1075 1245 1134 De
1264 1074 1339 1132 Luc-

390 1182 455 1240 ceio
473 1178 620 1262 placando
640 1177 807 1261 pollicetur.
829 1178 904 1241 3vt
927 1179 1010 1258 sigua
1029 1179 1149 1258 aliaque
1169 1189 1339 1239 ornamenta

391 1284 554 1344 Tusculani
575 1286 689 1356 mittet,
702 1282 855 1364 librosque
869 1281 926 1343 sibi
940 1293 1086 1356 reservet,
1098 1285 1182 1365 petit
1195 1283 1216 1358 4
1230 1283 1270 1360 Q.
1283 1284 1339 1344 fra-

390 1401 468 1450 trem
498 1392 584 1450 uxori
614 1387 800 1470 Pomponiae
830 1387 1054 1450 reconciliatum
1083 1390 1211 1449 nuntiat
1243 1387 1271 1448 5.
1299 1388 1340 1448 Ad

390 1497 512 1556 comitia
530 1517 585 1556 sua
611 1496 763 1578 praetor-ia
787 1496 921 1556 Atticum
951 1491 1054 1554 vedire
1080 1492 1156 1554 nihil
1183 1513 1262 1576 opus
1282 1515 1340 1555 esse

389 1613 499 1663 mouet.
518 1599 548 1664 6.
568 1601 702 1662 Tulliam
721 1601 934 1664 munusculum
953 1603 1064 1662 iterum
1083 1597 1229 1681 flagitare.

537 1779 591 1834 Scr-
608 1780 637 1834 in
653 1779 798 1832 Tusculano
813 1777 845 1832 A.
864 1780 897 1832 V.
914 1779 944 1834 C.
962 1777 1146 1830 octxxxvr.

659 1949 805 2014 CICERO
828 1949 979 2014 ATTICO
1004 1951 1034 2010 S.

402 2169 415 2214 r
446 2083 567 2232 Quum
599 2162 711 2210 essem
743 2138 782 2210 in
815 2136 1017 2210 Tusculano
1049 2137 1143 2224 (erit
1177 2134 1248 2210 hoc
1280 2135 1341 2209 tibi

347 2289 414 2363 pro
437 2263 498 2342 iilo
524 2277 602 2336 tuo:
632 2260 754 2359 Quum
778 2286 887 2334 essem
912 2267 951 2333 in
981 2262 1197 2358 Ceramico),
1221 2287 1341 2335 verun-

348 2401 465 2460 tamen
490 2413 598 2488 quum
622 2385 672 2458 ibi
697 2413 829 2485 essem,
846 2388 956 2460 Rome
981 2411 1112 2486 puero
1138 2410 1259 2460 sorore
1285 2400 1341 2460 tua

346 2514 488 2612 missus,
513 2511 698 2613 epistolam
722 2511 808 2586 mihi
839 2511 953 2586 abste
971 2510 1109 2584 allatam
1127 2511 1242 2610 dedit,
1258 2537 1342 2584 nun·

346 2638 529 2738 tiavitque,
547 2663 589 2710 eo
604 2639 683 2739 ipso
701 2636 757 2710 die
772 2649 857 2737 post
872 2635 1054 2710 meridiem
1075 2637 1206 2708 iturum
1223 2661 1306 2709 eum
1318 2651 1343 2716 ¹7

346 2765 406 2863 qui
431 2762 479 2835 ad
502 2776 537 2836 te
563 2764 849 2864 proficisceretur.
876 2764 933 2835 Eo
958 2764 1088 2835 facturn
1113 2775 1182 2859 est,
1206 2776 1249 2834 ut
1273 2764 1341 2865 epi·

346 2886 456 2958 stolae
480 2901 560 2958 tuae
577 2888 802 2960 rescriberem
818 2886 969 2988 aliquid,
983 2887 1154 2960 brevitate
1172 2890 1342 2988 temporis

346 3023 418 3080 tarn
443 3035 556 3110 pauca
581 3035 724 3108 cogerer
748 3010 906 3084 scribere.

398 3135 600 3207 2Primum
633 3135 696 3206 tibi
733 3135 778 3208 de
810 3149 931 3208 nostro
969 3137 1082 3208 amico
1099 3153 1114 3184 ²
1143 3135 1342 3236 placando,

347 3270 407 3329 aut
431 3259 537 3332 etiam
560 3259 666 3358 plene
690 3261 907 3334 restituendo
933 3259 1108 3360 polliceor.
1128 3261 1237 3353 Quod
1259 3283 1342 3362 ego,

346 3382 412 3453 etsi
436 3407 513 3454 mea
545 3397 671 3484 sponte
708 3400 789 3458 ante
814 3383 999 3484 faciebam,
1033 3410 1075 3457 eo
1102 3410 1196 3458 nuno
1220 3401 1342 3462 temen

347 3517 383 3576 et
407 3532 506 3605 agam
532 3509 740 3608 studiosius,
773 3523 810 3582 et
842 3509 1052 3583 contendam
1078 3509 1207 3583 abillo
1234 3513 1342 3586 vehe-

344 3631 512 3729 mentius,
537 3634 632 3733 quod
657 3649 792 3707 tantam
809 3661 851 3706 ex
868 3633 1014 3734 epistola
1032 3635 1250 3709 voluntatem
1267 3640 1342 3712 eius

343 3757 393 3828 rei
418 3769 515 3830 tuam
539 3761 735 3858 perspicere
762 3759 890 3834 videor.
918 3758 995 3833 Hoc
1017 3773 1052 3832 te
1068 3742 1341 3860 intelligere-vo-

344 3878 395 3978 lo,
415 3887 631 3981 pergraviter
657 3885 755 3962 illum
780 3912 853 3960 esse
880 3884 1066 3982 offensum,
1083 3888 1145 3960 sed
1163 3891 1242 3987 quia
1263 3891 1342 3963 nul·
