2932 5000
699 413 969 462 turorhrtortts

782 621 893 681 XLVI.

340 861 349 896 1
375 835 476 896 Rebus
496 833 624 919 puhlicis
645 835 813 904 exercitati,
826 829 1083 913 quemadmodum
1105 834 1273 892 necessario
1288 855 1338 893 nc-

376 945 486 1024 cipitur
506 941 581 1002 haec
602 961 660 1001 vox
682 943 712 1000 in
734 962 780 1022 ep.
802 939 1015 998 DCLXXXII.

340 1070 356 1107 2
378 1041 427 1108 Sic
447 1051 580 1130 primns,
600 1057 746 1129 utputo,
767 1044 954 1116 Lambinus,
983 1057 1015 1104 et
1037 1055 1107 1126 post
1126 1065 1200 1104 eum
1219 1044 1340 1106 Schtitz.

366 1154 519 1218 ‚Placebat
539 1166 640 1214 autem
661 1156 753 1214 etiem
774 1153 912 1212 Graevio.
935 1151 1035 1212 Ceteri
1056 1151 1196 1211 historicis
1212 1171 1340 1232 praeoe-

372 1264 441 1342 ptis.
462 1262 613 1322 Historico
633 1270 795 1344 praecepte
815 1258 866 1319 hic
885 1257 973 1318 nihili
994 1268 1071 1318 sunt.

337 1369 355 1426 3
377 1369 411 1428 ld
432 1371 531 1450 ipsum
552 1372 582 1429 in
604 1390 651 1450 ep.
672 1366 832 1442 xxm

336 1474 492 1550 dVltima
512 1495 570 1534 vox
601 1474 704 1534 addita
732 1470 960 1555 proculdubio
987 1470 1047 1531 fuit
1072 1493 1091 1530 a
1119 1471 1289 1551 glossatore
1309 1493 1343 1530 ex
1449 1463 1450 1486 ¹

376 1601 436 1660 seq.
457 1580 596 1640 dictione.
609 1580 755 1663 'Epistola
775 1581 854 1638 enim
876 1578 1026 1647 XLVIII,
1052 1598 1076 1648 1,
1100 1575 1279 1657 simpliciter
1299 1575 1340 1634 di·

376 1689 455 1746 citur
474 1688 572 1747 multis
591 1685 753 1747 denundat.
775 1685 871 1746 Simul
889 1706 926 1744 ac
956 1682 1029 1765 quid
1059 1684 1114 1742 erit
1140 1681 1226 1742 dedit
1245 1682 1344 1742 Erne-

378 1795 451 1854 stius
471 1793 633 1854 editionem
647 1794 736 1856 Rom.
757 1803 888 1868 secutus3
910 1791 1004 1872 vulgo
1020 1791 1147 1850 simulet
1159 1787 1249 1870 quid,
1263 1789 1346 1868 quod

377 1898 484 1958 Lamb.
505 1921 540 1959 ex
560 1902 681 1980 ingenio
696 1899 885 1980 'corrigebat
905 1898 993 1958 sinwl
1013 1910 1045 1958 ut
1063 1917 1092 1979 q.
1119 1896 1198 1957 Edd.
1221 1897 1297 1958 lilin.
1317 1907 1348 1954 et
1449 1903 1450 1906 ’

378 2005 470 2064 Herv.
491 2006 592 2078 sirnal,
611 2019 641 2064 et
659 2005 786 2088 siquid.

339 2111 359 2170 5
380 2111 505 2170 Caesare
527 2112 657 2172 consule.

339 2216 361 2276 6
382 2216 496 2276 Odium
517 2220 548 2276 in
567 2217 653 2289 illos,
674 2240 750 2299 qnos
771 2219 934 2301 populures
955 2220 1067 2278 ironice
1088 2191 1163 2276 dixit
1184 2217 1277 2275 etiem
1299 2237 1343 2296 ep.
1449 2287 1450 2300 ζ

369 2330 482 2406 ,ειιμς
510 2347 518 2382 ι
544 2335 616 2384 extr.

341 2451 357 2509 7
381 2429 420 2490 H.
434 2451 459 2488 e.
474 2431 583 2490 centies
598 2442 723 2492 centena
737 2431 833 2491 millia
845 2433 1051 2490 sestertiorum
1066 2429 1147 2511 (H-S
1161 2448 1347 2500 ro‚ooo‚ooo‚
1449 2407 1450 2463 l

379 2535 409 2595 h.
431 2557 456 2596 e.
479 2557 637 2608 2‚ooo‚ooo
657 2537 691 2597 di
706 2515 867 2620 stomin),
896 2559 974 2619 quoe
994 2557 1113 2597 summa
1133 2537 1242 2616 utique
1264 2557 1345 2595 exce-

380 2621 450 2702 dere
471 2645 591 2704 videtur
622 2645 778 2706 facultates
807 2621 939 2705 hominis
972 2641 1147 2725 philosophi
1173 2652 1205 2702 et
1225 2640 1345 2710 liberti,

381 2750 432 2827 qui
447 2749 530 2808 domi
544 2750 696 2810 Ciceronis
712 2753 819 2810 vixerit
832 2762 862 2811 et
875 2760 1014 2810 mortuus
1027 2752 1065 2810 sit
1080 2751 1129 2828 (in
1142 2747 1230 2809 Brut.
1241 2770 1268 2807 c.
1281 2750 1343 2830 90).

381 2855 487 2935 ltaque
501 2855 658 2916 Schtitzius
673 2858 710 2916 de
725 2861 870 2918 sententia
884 2857 1084 2939 Malnspinae‚
1097 2855 1245 2927 Manutii,
1260 2857 1345 2914 Lam-

379 2958 443 3018 bini
464 2972 494 3019 et
514 2961 643 3022 Ernestii
675 2965 828 3045 rescripsit
856 2976 980 3023 centum.
1013 2963 1073 3021 Nos
1101 2963 1173 3042 quic
1205 2963 1237 3020 in
1260 2961 1342 3020 nesti·

380 3067 497 3126 mandis
518 3067 646 3128 aliorum
669 3070 779 3131 divitiis
799 3070 886 3131 facile
905 3070 969 3132 lolli
989 3068 1128 3128 homines
1152 3071 1247 3128 etiarn
1268 3087 1343 3126 nunc

381 3173 536 3246 videmus,
556 3175 632 3235 nihil
651 3177 799 3237 eudemus
822 3180 886 3236 sine
907 3176 989 3236 libris
1010 3188 1137 3235 mutare.

341 3278 428 3338 SSc.
460 3284 665 3342 conviciorum
693 3284 804 3366 pleno,
835 3295 871 3345 ut
902 3294 971 3344 sunt
993 3285 1136 3344 *carmina
1162 3276 1340 3340 Archilochi.

382 3385 457 3446 Hor.
478 3391 541 3448 Art.
563 3388 595 3447 P.
618 3411 673 3470 79:

511 3547 694 3601 Archilochum
712 3552 819 3620 proprio
837 3549 919 3602 rabies
937 3549 1044 3601 armavit
1062 3547 1159 3600 lambo.

342 3729 362 3789 9
382 3709 494 3792 Nempe
518 3712 675 3774 Alexandri
696 3721 824 3796 potitae,
844 3714 882 3773 de
905 3734 965 3795 quo
987 3733 1034 3793 ep.
1054 3708 1205 3779 XLVIII,
1227 3709 1255 3783 4·

347 3837 381 3874 ιο
404 3818 448 3876 lta
467 3816 544 3877 bene
565 3818 657 3880 Aldus
679 3831 709 3880 et
729 3822 826 3893 Vici,
840 3832 870 3881 et
883 3820 1040 3902 vulgatum
1062 3817 1172 3876 lactum
1194 3823 1246 3873 est.
1266 3810 1341 3870 Edd.

384 3935 452 3984 vett.
473 3935 503 3984 et
523 3946 591 3986 mss.
612 3929 723 4008 passim
755 3943 782 3989 ct
809 3943 913 3992 tantem
947 3929 1028 3987 Tum
1055 3939 1083 3984 et
1109 3935 1152 3982 est
1171 3918 1252 3984 dedit
1275 3915 1342 3976 Ma·
