<?xml version="1.0" encoding="UTF-8"?>
<!DOCTYPE html PUBLIC "-//W3C//DTD XHTML 1.0 Transitional//EN"
    "http://www.w3.org/TR/xhtml1/DTD/xhtml1-transitional.dtd">
<html xmlns="http://www.w3.org/1999/xhtml" xml:lang="en" lang="en">
 <head>
  <title>
</title>
<meta http-equiv="Content-Type" content="text/html;charset=utf-8" />
  <meta name='ocr-system' content='tesseract 3.04.00' />
  <meta name='ocr-capabilities' content='ocr_page ocr_carea ocr_par ocr_line ocrx_word'/>
</head>
<body>
  <div class='ocr_page' id='page_1' title='image "./mtulliiciceroni76cicegoog_0303.png"; bbox 0 0 2924 5002; ppageno 0'>
   <div class='ocr_carea' id='block_1_1' title="bbox 209 388 1305 4008">
    <p class='ocr_par' dir='ltr' id='par_1_1' title="bbox 209 357 1451 4008">
     <span class='ocr_line' id='line_1_1' title="bbox 295 388 1272 474; baseline -0.006 -28"><span class='ocrx_word' id='word_1_1' title='bbox 295 400 367 474; x_wconf 82' lang='lat'>270</span> <span class='ocrx_word' id='word_1_2' title='bbox 655 390 825 442; x_wconf 76' lang='lat' dir='ltr'>srtsront</span> <span class='ocrx_word' id='word_1_3' title='bbox 850 395 930 442; x_wconf 77' lang='lat' dir='ltr'>xcv.</span> <span class='ocrx_word' id='word_1_4' title='bbox 1075 389 1104 438; x_wconf 75' lang='lat' dir='ltr'>n.</span> <span class='ocrx_word' id='word_1_5' title='bbox 1123 393 1156 440; x_wconf 85' lang='lat' dir='ltr'>v.</span> <span class='ocrx_word' id='word_1_6' title='bbox 1174 393 1202 438; x_wconf 92' lang='lat' dir='ltr'>c.</span> <span class='ocrx_word' id='word_1_7' title='bbox 1221 388 1272 454; x_wconf 77' lang='lat'>⁶94</span> 
     </span>
     <span class='ocr_line' id='line_1_2' title="bbox 344 491 1295 595; baseline -0.004 -24"><span class='ocrx_word' id='word_1_8' title='bbox 344 526 365 571; x_wconf 88' lang='lat'><em>2</em></span> <span class='ocrx_word' id='word_1_9' title='bbox 391 496 598 595; x_wconf 86' lang='lat' dir='ltr'>Pompeius,</span> <span class='ocrx_word' id='word_1_10' title='bbox 623 493 735 566; x_wconf 80' lang='lat' dir='ltr'>nostri</span> <span class='ocrx_word' id='word_1_11' title='bbox 760 519 910 592; x_wconf 87' lang='lat' dir='ltr'>amores,</span> <span class='ocrx_word' id='word_1_12' title='bbox 927 491 1024 594; x_wconf 90' lang='lat' dir='ltr'>qnod</span> <span class='ocrx_word' id='word_1_13' title='bbox 1046 493 1131 565; x_wconf 92' lang='lat' dir='ltr'>mihi</span> <span class='ocrx_word' id='word_1_14' title='bbox 1154 521 1295 568; x_wconf 89' lang='lat' dir='ltr'>summo</span> 
     </span>
     <span class='ocr_line' id='line_1_3' title="bbox 293 618 1300 722; baseline -0.002 -26"><span class='ocrx_word' id='word_1_15' title='bbox 293 623 405 696; x_wconf 89' lang='lat' dir='ltr'>dolori</span> <span class='ocrx_word' id='word_1_16' title='bbox 430 636 501 720; x_wconf 90' lang='lat' dir='ltr'>est,</span> <span class='ocrx_word' id='word_1_17' title='bbox 525 622 602 722; x_wconf 87' lang='lat' dir='ltr'>ipsc</span> <span class='ocrx_word' id='word_1_18' title='bbox 628 647 665 694; x_wconf 90' lang='lat' dir='ltr'>se</span> <span class='ocrx_word' id='word_1_19' title='bbox 692 618 814 692; x_wconf 83' lang='lat' dir='ltr'>afflixit</span> <span class='ocrx_word' id='word_1_20' title='bbox 829 622 863 717; x_wconf 80' lang='lat'>⁶3</span> <span class='ocrx_word' id='word_1_21' title='bbox 893 619 1069 692; x_wconf 87' lang='lat' dir='ltr'>neminem</span> <span class='ocrx_word' id='word_1_22' title='bbox 1096 634 1209 694; x_wconf 83' lang='lat' dir='ltr'>tenet:</span> <span class='ocrx_word' id='word_1_23' title='bbox 1235 649 1300 694; x_wconf 87' lang='lat' dir='ltr'>vo-</span> 
     </span>
     <span class='ocr_line' id='line_1_4' title="bbox 291 735 1305 849; baseline 0 -29"><span class='ocrx_word' id='word_1_24' title='bbox 291 749 440 848; x_wconf 84' lang='lat' dir='ltr'>luntate,</span> <span class='ocrx_word' id='word_1_25' title='bbox 465 773 512 849; x_wconf 79' lang='lat' dir='ltr'>an</span> <span class='ocrx_word' id='word_1_26' title='bbox 528 761 633 820; x_wconf 63' lang='lat' dir='ltr'>‘metu</span> <span class='ocrx_word' id='word_1_27' title='bbox 658 771 800 818; x_wconf 88' lang='lat' dir='ltr'>necesse</span> <span class='ocrx_word' id='word_1_28' title='bbox 826 745 871 817; x_wconf 86' lang='lat' dir='ltr'>sit</span> <span class='ocrx_word' id='word_1_29' title='bbox 895 746 938 818; x_wconf 91' lang='lat' dir='ltr'>iis</span> <span class='ocrx_word' id='word_1_30' title='bbox 963 745 1032 843; x_wconf 87' lang='lat' dir='ltr'>uti,</span> <span class='ocrx_word' id='word_1_31' title='bbox 1058 771 1190 818; x_wconf 85' lang='lat' dir='ltr'>vereor.</span> <span class='ocrx_word' id='word_1_32' title='bbox 1216 735 1305 844; x_wconf 86' lang='lat' dir='ltr'>Ego¹</span> 
     </span>
     <span class='ocr_line' id='line_1_5' title="bbox 292 870 1298 977; baseline -0.003 -30"><span class='ocrx_word' id='word_1_33' title='bbox 292 889 411 948; x_wconf 83' lang='lat' dir='ltr'>autem</span> <span class='ocrx_word' id='word_1_34' title='bbox 434 898 548 977; x_wconf 84' lang='lat' dir='ltr'>neque</span> <span class='ocrx_word' id='word_1_35' title='bbox 573 890 721 973; x_wconf 68' lang='lat' dir='ltr'>pugno?</span> <span class='ocrx_word' id='word_1_36' title='bbox 749 897 831 944; x_wconf 90' lang='lat' dir='ltr'>cum</span> <span class='ocrx_word' id='word_1_37' title='bbox 856 870 914 943; x_wconf 91' lang='lat' dir='ltr'>illa</span> <span class='ocrx_word' id='word_1_38' title='bbox 940 897 1063 970; x_wconf 88' lang='lat' dir='ltr'>causa,</span> <span class='ocrx_word' id='word_1_39' title='bbox 1086 885 1233 971; x_wconf 88' lang='lat' dir='ltr'>propter</span> <span class='ocrx_word' id='word_1_40' title='bbox 1258 871 1298 944; x_wconf 90' lang='lat' dir='ltr'>il-</span> 
     </span>
     <span class='ocr_line' id='line_1_6' title="bbox 291 995 1301 1099; baseline -0.001 -26"><span class='ocrx_word' id='word_1_41' title='bbox 291 1000 362 1074; x_wconf 89' lang='lat' dir='ltr'>lam</span> <span class='ocrx_word' id='word_1_42' title='bbox 387 999 591 1072; x_wconf 78' lang='lat' dir='ltr'>amicitiam:</span> <span class='ocrx_word' id='word_1_43' title='bbox 616 1023 731 1099; x_wconf 81' lang='lat' dir='ltr'>neque</span> <span class='ocrx_word' id='word_1_44' title='bbox 759 995 937 1098; x_wconf 85' lang='lat' dir='ltr'>approbo,</span> <span class='ocrx_word' id='word_1_45' title='bbox 953 1023 999 1070; x_wconf 86' lang='lat' dir='ltr'>ne</span> <span class='ocrx_word' id='word_1_46' title='bbox 1023 998 1141 1072; x_wconf 88' lang='lat' dir='ltr'>omnia</span> <span class='ocrx_word' id='word_1_47' title='bbox 1166 999 1301 1098; x_wconf 87' lang='lat' dir='ltr'>impro-</span> 
     </span>
     <span class='ocr_line' id='line_1_7' title="bbox 291 1121 1301 1230; baseline 0 -30"><span class='ocrx_word' id='word_1_48' title='bbox 291 1125 394 1226; x_wconf 86' lang='lat' dir='ltr'>bem,</span> <span class='ocrx_word' id='word_1_49' title='bbox 418 1149 509 1230; x_wconf 85' lang='lat' dir='ltr'>quae</span> <span class='ocrx_word' id='word_1_50' title='bbox 537 1139 639 1202; x_wconf 84' lang='lat' dir='ltr'>antea</span> <span class='ocrx_word' id='word_1_51' title='bbox 673 1126 783 1224; x_wconf 81' lang='lat' dir='ltr'>gessi:</span> <span class='ocrx_word' id='word_1_52' title='bbox 813 1137 896 1198; x_wconf 86' lang='lat' dir='ltr'>utor</span> <span class='ocrx_word' id='word_1_53' title='bbox 926 1125 992 1200; x_wconf 82' lang='lat' dir='ltr'>via.</span> <span class='ocrx_word' id='word_1_54' title='bbox 1019 1121 1149 1226; x_wconf 85' lang='lat' dir='ltr'>Populi</span> <span class='ocrx_word' id='word_1_55' title='bbox 1174 1151 1301 1200; x_wconf 80' lang='lat' dir='ltr'>sensus</span> 
     </span>
     <span class='ocr_line' id='line_1_8' title="bbox 291 1250 1300 1354; baseline 0.001 -29"><span class='ocrx_word' id='word_1_56' title='bbox 291 1253 441 1326; x_wconf 87' lang='lat' dir='ltr'>maxime</span> <span class='ocrx_word' id='word_1_57' title='bbox 458 1251 598 1326; x_wconf 83' lang='lat' dir='ltr'>theatro</span> <span class='ocrx_word' id='word_1_58' title='bbox 617 1265 653 1325; x_wconf 86' lang='lat' dir='ltr'>et</span> <span class='ocrx_word' id='word_1_59' title='bbox 670 1250 878 1352; x_wconf 80' lang='lat' dir='ltr'>spectaculis</span> <span class='ocrx_word' id='word_1_60' title='bbox 902 1263 1108 1354; x_wconf 82' lang='lat' dir='ltr'>perspectus</span> <span class='ocrx_word' id='word_1_61' title='bbox 1125 1266 1187 1325; x_wconf 86' lang='lat' dir='ltr'>cst.</span> <span class='ocrx_word' id='word_1_62' title='bbox 1205 1251 1300 1326; x_wconf 88' lang='lat' dir='ltr'>Nam</span> 
     </span>
     <span class='ocr_line' id='line_1_9' title="bbox 293 1369 1298 1482; baseline 0.001 -31"><span class='ocrx_word' id='word_1_63' title='bbox 293 1369 560 1480; x_wconf 77' lang='lat' dir='ltr'>gladiatoribus,</span> <span class='ocrx_word' id='word_1_64' title='bbox 587 1407 656 1482; x_wconf 90' lang='lat' dir='ltr'>qua</span> <span class='ocrx_word' id='word_1_65' title='bbox 682 1379 883 1479; x_wconf 67' lang='lat' dir='ltr'>dominusss,</span> <span class='ocrx_word' id='word_1_66' title='bbox 900 1406 969 1482; x_wconf 88' lang='lat' dir='ltr'>qua</span> <span class='ocrx_word' id='word_1_67' title='bbox 995 1378 1160 1452; x_wconf 83' lang='lat' dir='ltr'>advocati</span> <span class='ocrx_word' id='word_1_68' title='bbox 1186 1377 1298 1452; x_wconf 90' lang='lat' dir='ltr'>sibilis</span> 
     </span>
     <span class='ocr_line' id='line_1_10' title="bbox 293 1499 1298 1608; baseline -0.001 -30"><span class='ocrx_word' id='word_1_69' title='bbox 293 1505 469 1578; x_wconf 88' lang='lat' dir='ltr'>conscissi.</span> <span class='ocrx_word' id='word_1_70' title='bbox 495 1501 606 1580; x_wconf 91' lang='lat' dir='ltr'>Ludis</span> <span class='ocrx_word' id='word_1_71' title='bbox 631 1503 892 1606; x_wconf 83' lang='lat' dir='ltr'>Apollinaribus</span> <span class='ocrx_word' id='word_1_72' title='bbox 915 1499 1079 1608; x_wconf 86' lang='lat' dir='ltr'>Diphilus</span> <span class='ocrx_word' id='word_1_73' title='bbox 1107 1505 1298 1604; x_wconf 85' lang='lat' dir='ltr'>tragoedus</span> 
     </span>
     <span class='ocr_line' id='line_1_11' title="bbox 291 1629 1300 1733; baseline 0.002 -31"><span class='ocrx_word' id='word_1_74' title='bbox 291 1633 328 1704; x_wconf 91' lang='lat' dir='ltr'>in</span> <span class='ocrx_word' id='word_1_75' title='bbox 353 1645 513 1706; x_wconf 89' lang='lat' dir='ltr'>nostrum</span> <span class='ocrx_word' id='word_1_76' title='bbox 544 1632 756 1733; x_wconf 87' lang='lat' dir='ltr'>Pompeium</span> <span class='ocrx_word' id='word_1_77' title='bbox 794 1629 993 1732; x_wconf 82' lang='lat' dir='ltr'>petulanter</span> <span class='ocrx_word' id='word_1_78' title='bbox 1024 1630 1185 1704; x_wconf 89' lang='lat' dir='ltr'>invectus</span> <span class='ocrx_word' id='word_1_79' title='bbox 1222 1644 1300 1728; x_wconf 85' lang='lat' dir='ltr'>est:</span> 
     </span>
     <span class='ocr_line' id='line_1_12' title="bbox 292 1755 1297 1856; baseline 0 -26"><span class='ocrx_word' id='word_1_80' title='bbox 292 1758 434 1831; x_wconf 79' lang='lat' dir='ltr'>Noctua</span> <span class='ocrx_word' id='word_1_81' title='bbox 470 1760 610 1832; x_wconf 69' lang='lat' dir='ltr'>nuceria</span> <span class='ocrx_word' id='word_1_82' title='bbox 649 1772 689 1830; x_wconf 83' lang='lat' dir='ltr'>tu</span> <span class='ocrx_word' id='word_1_83' title='bbox 726 1783 764 1834; x_wconf 82' lang='lat' dir='ltr'>es</span> <span class='ocrx_word' id='word_1_84' title='bbox 790 1758 977 1856; x_wconf 73' lang='lat' dir='ltr'>Magnae„</span> <span class='ocrx_word' id='word_1_85' title='bbox 1002 1755 1126 1836; x_wconf 83' lang='lat' dir='ltr'>millies</span> <span class='ocrx_word' id='word_1_86' title='bbox 1152 1771 1297 1830; x_wconf 87' lang='lat' dir='ltr'>coactns</span> 
     </span>
     <span class='ocr_line' id='line_1_13' title="bbox 291 1883 1297 1981; baseline 0.001 -27"><span class='ocrx_word' id='word_1_87' title='bbox 291 1896 346 1955; x_wconf 86' lang='lat' dir='ltr'>est</span> <span class='ocrx_word' id='word_1_88' title='bbox 371 1883 496 1956; x_wconf 81' lang='lat' dir='ltr'>dicere.</span> <span class='ocrx_word' id='word_1_89' title='bbox 525 1884 686 1956; x_wconf 78' lang='lat' dir='ltr'>Erzndcm</span> <span class='ocrx_word' id='word_1_90' title='bbox 710 1888 875 1956; x_wconf 69' lang='lat' dir='ltr'>virtutem</span> <span class='ocrx_word' id='word_1_91' title='bbox 898 1886 1005 1956; x_wconf 83' lang='lat' dir='ltr'>istam</span> <span class='ocrx_word' id='word_1_92' title='bbox 1021 1901 1047 1981; x_wconf 80' lang='lat'>9,</span> <span class='ocrx_word' id='word_1_93' title='bbox 1071 1887 1186 1956; x_wconf 78' lang='lat' dir='ltr'>veniet</span> <span class='ocrx_word' id='word_1_94' title='bbox 1210 1898 1297 1955; x_wconf 84' lang='lat' dir='ltr'>tem-</span> 
     </span>
     <span class='ocr_line' id='line_1_14' title="bbox 286 2001 1296 2112; baseline 0.003 -33"><span class='ocrx_word' id='word_1_95' title='bbox 286 2035 380 2109; x_wconf 83' lang='lat' dir='ltr'>pus,</span> <span class='ocrx_word' id='word_1_96' title='bbox 405 2033 519 2110; x_wconf 83' lang='lat' dir='ltr'>quum</span> <span class='ocrx_word' id='word_1_97' title='bbox 541 2012 699 2108; x_wconf 79' lang='lat' dir='ltr'>graviter</span> <span class='ocrx_word' id='word_1_98' title='bbox 719 2028 847 2108; x_wconf 75' lang='lat' dir='ltr'>gemm,</span> <span class='ocrx_word' id='word_1_99' title='bbox 865 2001 972 2088; x_wconf 82' lang='lat' dir='ltr'>totius</span> <span class='ocrx_word' id='word_1_100' title='bbox 997 2008 1122 2112; x_wconf 77' lang='lat' dir='ltr'>theatri</span> <span class='ocrx_word' id='word_1_101' title='bbox 1142 2008 1296 2082; x_wconf 88' lang='lat' dir='ltr'>clamore</span> 
     </span>
     <span class='ocr_line' id='line_1_15' title="bbox 292 2131 1297 2237; baseline 0.001 -32"><span class='ocrx_word' id='word_1_102' title='bbox 292 2131 402 2234; x_wconf 82' lang='lat' dir='ltr'>dixit,</span> <span class='ocrx_word' id='word_1_103' title='bbox 426 2133 581 2237; x_wconf 82' lang='lat' dir='ltr'>itemque</span> <span class='ocrx_word' id='word_1_104' title='bbox 614 2149 738 2209; x_wconf 82' lang='lat' dir='ltr'>cetera.</span> <span class='ocrx_word' id='word_1_105' title='bbox 777 2131 870 2212; x_wconf 88' lang='lat' dir='ltr'>Nam</span> <span class='ocrx_word' id='word_1_106' title='bbox 902 2150 941 2210; x_wconf 85' lang='lat' dir='ltr'>ct</span> <span class='ocrx_word' id='word_1_107' title='bbox 965 2133 1135 2208; x_wconf 90' lang='lat' dir='ltr'>eiusmodi</span> <span class='ocrx_word' id='word_1_108' title='bbox 1162 2149 1249 2231; x_wconf 82' lang='lat' dir='ltr'>sunt</span> <span class='ocrx_word' id='word_1_109' title='bbox 1271 2136 1297 2206; x_wconf 94' lang='lat' dir='ltr'>ii</span> 
     </span>
     <span class='ocr_line' id='line_1_16' title="bbox 289 2245 1294 2364; baseline -0.001 -30"><span class='ocrx_word' id='word_1_110' title='bbox 289 2245 425 2356; x_wconf 77' lang='lat' dir='ltr'>versus,</span> <span class='ocrx_word' id='word_1_111' title='bbox 456 2274 496 2334; x_wconf 86' lang='lat' dir='ltr'>ut</span> <span class='ocrx_word' id='word_1_112' title='bbox 519 2261 557 2334; x_wconf 90' lang='lat' dir='ltr'>in</span> <span class='ocrx_word' id='word_1_113' title='bbox 581 2275 721 2364; x_wconf 86' lang='lat' dir='ltr'>tempus</span> <span class='ocrx_word' id='word_1_114' title='bbox 747 2259 791 2338; x_wconf 85' lang='lat' dir='ltr'>ab</span> <span class='ocrx_word' id='word_1_115' title='bbox 816 2261 958 2335; x_wconf 91' lang='lat' dir='ltr'>inimico</span> <span class='ocrx_word' id='word_1_116' title='bbox 983 2260 1145 2361; x_wconf 89' lang='lat' dir='ltr'>Pompeii</span> <span class='ocrx_word' id='word_1_117' title='bbox 1170 2262 1294 2361; x_wconf 86' lang='lat' dir='ltr'>scripti</span> 
     </span>
     <span class='ocr_line' id='line_1_17' title="bbox 290 2385 1295 2490; baseline 0.001 -33"><span class='ocrx_word' id='word_1_118' title='bbox 290 2411 365 2460; x_wconf 86' lang='lat' dir='ltr'>esse</span> <span class='ocrx_word' id='word_1_119' title='bbox 391 2385 585 2461; x_wconf 86' lang='lat' dir='ltr'>videantur.</span> <span class='ocrx_word' id='word_1_120' title='bbox 614 2389 655 2464; x_wconf 83' lang='lat' dir='ltr'>Si</span> <span class='ocrx_word' id='word_1_121' title='bbox 679 2413 794 2490; x_wconf 83' lang='lat' dir='ltr'>neque</span> <span class='ocrx_word' id='word_1_122' title='bbox 820 2387 937 2490; x_wconf 70' lang='lat' dir='ltr'>leges,</span> <span class='ocrx_word' id='word_1_123' title='bbox 956 2412 1071 2488; x_wconf 80' lang='lat' dir='ltr'>neque</span> <span class='ocrx_word' id='word_1_124' title='bbox 1096 2411 1212 2458; x_wconf 83' lang='lat' dir='ltr'>mores</span> <span class='ocrx_word' id='word_1_125' title='bbox 1237 2411 1295 2459; x_wconf 87' lang='lat' dir='ltr'>co-</span> 
     </span>
     <span class='ocr_line' id='line_1_18' title="bbox 286 2507 1296 2614; baseline 0.001 -31"><span class='ocrx_word' id='word_1_126' title='bbox 286 2525 381 2610; x_wconf 79' lang='lat' dir='ltr'>gunt</span> <span class='ocrx_word' id='word_1_127' title='bbox 392 2567 403 2613; x_wconf 93' lang='lat'>,</span> <span class='ocrx_word' id='word_1_128' title='bbox 436 2527 472 2586; x_wconf 86' lang='lat' dir='ltr'>et</span> <span class='ocrx_word' id='word_1_129' title='bbox 504 2529 618 2589; x_wconf 81' lang='lat' dir='ltr'>cetera</span> <span class='ocrx_word' id='word_1_130' title='bbox 651 2540 780 2614; x_wconf 84' lang='lat' dir='ltr'>magno</span> <span class='ocrx_word' id='word_1_131' title='bbox 809 2538 890 2589; x_wconf 86' lang='lat' dir='ltr'>cum</span> <span class='ocrx_word' id='word_1_132' title='bbox 915 2507 1053 2602; x_wconf 81' lang='lat' dir='ltr'>fremitu</span> <span class='ocrx_word' id='word_1_133' title='bbox 1080 2526 1116 2584; x_wconf 89' lang='lat' dir='ltr'>et</span> <span class='ocrx_word' id='word_1_134' title='bbox 1141 2511 1296 2586; x_wconf 87' lang='lat' dir='ltr'>clamore</span> 
     </span>
     <span class='ocr_line' id='line_1_19' title="bbox 290 2615 1296 2744; baseline 0.001 -34"><span class='ocrx_word' id='word_1_135' title='bbox 290 2653 374 2712; x_wconf 89' lang='lat' dir='ltr'>sunt</span> <span class='ocrx_word' id='word_1_136' title='bbox 399 2639 502 2714; x_wconf 87' lang='lat' dir='ltr'>dicta.</span> <span class='ocrx_word' id='word_1_137' title='bbox 527 2615 657 2716; x_wconf 73' lang='lat' dir='ltr'>Caesar</span> <span class='ocrx_word' id='word_1_138' title='bbox 682 2667 791 2744; x_wconf 79' lang='lat' dir='ltr'>quum</span> <span class='ocrx_word' id='word_1_139' title='bbox 807 2641 961 2714; x_wconf 78' lang='lat' dir='ltr'>venisset</span> <span class='ocrx_word' id='word_1_140' title='bbox 984 2652 1125 2714; x_wconf 81' lang='lat' dir='ltr'>mortuo</span> <span class='ocrx_word' id='word_1_141' title='bbox 1150 2638 1296 2740; x_wconf 89' lang='lat' dir='ltr'>plausu,</span> 
     </span>
     <span class='ocr_line' id='line_1_20' title="bbox 290 2764 1295 2865; baseline 0 -27"><span class='ocrx_word' id='word_1_142' title='bbox 290 2765 397 2840; x_wconf 81' lang='lat' dir='ltr'>Curio</span> <span class='ocrx_word' id='word_1_143' title='bbox 424 2766 514 2842; x_wconf 91' lang='lat' dir='ltr'>filius</span> <span class='ocrx_word' id='word_1_144' title='bbox 539 2783 593 2842; x_wconf 88' lang='lat' dir='ltr'>est</span> <span class='ocrx_word' id='word_1_145' title='bbox 616 2770 804 2842; x_wconf 81' lang='lat' dir='ltr'>insecutus.</span> <span class='ocrx_word' id='word_1_146' title='bbox 839 2767 931 2840; x_wconf 88' lang='lat' dir='ltr'>Huic</span> <span class='ocrx_word' id='word_1_147' title='bbox 956 2765 1004 2838; x_wconf 88' lang='lat' dir='ltr'>ita</span> <span class='ocrx_word' id='word_1_148' title='bbox 1030 2764 1193 2865; x_wconf 90' lang='lat' dir='ltr'>plausum</span> <span class='ocrx_word' id='word_1_149' title='bbox 1218 2779 1295 2864; x_wconf 84' lang='lat' dir='ltr'>cst,</span> 
     </span>
     <span class='ocr_line' id='line_1_21' title="bbox 290 2889 1296 2994; baseline 0.002 -34"><span class='ocrx_word' id='word_1_150' title='bbox 290 2903 330 2961; x_wconf 91' lang='lat' dir='ltr'>ut</span> <span class='ocrx_word' id='word_1_151' title='bbox 356 2889 452 2965; x_wconf 87' lang='lat' dir='ltr'>salva</span> <span class='ocrx_word' id='word_1_152' title='bbox 476 2897 515 2966; x_wconf 78' lang='lat' dir='ltr'>rc</span> <span class='ocrx_word' id='word_1_153' title='bbox 540 2893 683 2993; x_wconf 90' lang='lat' dir='ltr'>publica</span> <span class='ocrx_word' id='word_1_154' title='bbox 700 2893 872 2994; x_wconf 90' lang='lat' dir='ltr'>Pompeio</span> <span class='ocrx_word' id='word_1_155' title='bbox 894 2891 1017 2993; x_wconf 91' lang='lat' dir='ltr'>plaudi</span> <span class='ocrx_word' id='word_1_156' title='bbox 1034 2890 1178 2964; x_wconf 87' lang='lat' dir='ltr'>solebat.</span> <span class='ocrx_word' id='word_1_157' title='bbox 1196 2890 1296 2962; x_wconf 84' lang='lat' dir='ltr'>Tulit</span> 
     </span>
     <span class='ocr_line' id='line_1_22' title="bbox 289 3015 1293 3120; baseline 0 -32"><span class='ocrx_word' id='word_1_158' title='bbox 289 3015 418 3090; x_wconf 87' lang='lat' dir='ltr'>Caesar</span> <span class='ocrx_word' id='word_1_159' title='bbox 444 3019 602 3118; x_wconf 86' lang='lat' dir='ltr'>graviter.</span> <span class='ocrx_word' id='word_1_160' title='bbox 627 3022 767 3098; x_wconf 86' lang='lat' dir='ltr'>Litcrac</span> <span class='ocrx_word' id='word_1_161' title='bbox 793 3016 953 3120; x_wconf 86' lang='lat' dir='ltr'>Capuam</span> <span class='ocrx_word' id='word_1_162' title='bbox 970 3015 1016 3090; x_wconf 88' lang='lat' dir='ltr'>ad</span> <span class='ocrx_word' id='word_1_163' title='bbox 1031 3017 1244 3117; x_wconf 85' lang='lat' dir='ltr'>Pompeium</span> <span class='ocrx_word' id='word_1_164' title='bbox 1265 3033 1293 3068; x_wconf 86' lang='lat'>¹⁰</span> 
     </span>
     <span class='ocr_line' id='line_1_23' title="bbox 290 3139 1294 3246; baseline 0.006 -36"><span class='ocrx_word' id='word_1_165' title='bbox 290 3139 409 3216; x_wconf 88' lang='lat' dir='ltr'>volare</span> <span class='ocrx_word' id='word_1_166' title='bbox 448 3143 660 3220; x_wconf 84' lang='lat' dir='ltr'>dicebantur.</span> <span class='ocrx_word' id='word_1_167' title='bbox 693 3143 830 3220; x_wconf 89' lang='lat' dir='ltr'>Inimici</span> <span class='ocrx_word' id='word_1_168' title='bbox 867 3158 967 3246; x_wconf 87' lang='lat' dir='ltr'>erant</span> <span class='ocrx_word' id='word_1_169' title='bbox 1003 3143 1199 3244; x_wconf 88' lang='lat' dir='ltr'>equitibus,</span> <span class='ocrx_word' id='word_1_170' title='bbox 1233 3144 1294 3244; x_wconf 92' lang='lat' dir='ltr'>qui</span> 
     </span>
     <span class='ocr_line' id='line_1_24' title="bbox 289 3255 1294 3374; baseline 0 -33"><span class='ocrx_word' id='word_1_171' title='bbox 289 3265 435 3341; x_wconf 84' lang='lat' dir='ltr'>Curioni</span> <span class='ocrx_word' id='word_1_172' title='bbox 459 3283 592 3348; x_wconf 84' lang='lat' dir='ltr'>stantes</span> <span class='ocrx_word' id='word_1_173' title='bbox 616 3271 839 3374; x_wconf 75' lang='lat' dir='ltr'>plauserant,</span> <span class='ocrx_word' id='word_1_174' title='bbox 870 3255 991 3346; x_wconf 84' lang='lat' dir='ltr'>hostes</span> <span class='ocrx_word' id='word_1_175' title='bbox 1024 3267 1196 3344; x_wconf 89' lang='lat' dir='ltr'>omnibus.</span> <span class='ocrx_word' id='word_1_176' title='bbox 1221 3269 1294 3342; x_wconf 89' lang='lat' dir='ltr'>Ro·</span> 
     </span>
     <span class='ocr_line' id='line_1_25' title="bbox 289 3391 1294 3496; baseline 0.004 -33"><span class='ocrx_word' id='word_1_177' title='bbox 289 3391 490 3496; x_wconf 83' lang='lat' dir='ltr'>sciaelegi,</span> <span class='ocrx_word' id='word_1_178' title='bbox 516 3398 621 3472; x_wconf 88' lang='lat' dir='ltr'>ctiam</span> <span class='ocrx_word' id='word_1_179' title='bbox 646 3399 892 3474; x_wconf 85' lang='lat' dir='ltr'>liumentariae</span> <span class='ocrx_word' id='word_1_180' title='bbox 916 3395 1177 3472; x_wconf 84' lang='lat' dir='ltr'>minitabantur.</span> <span class='ocrx_word' id='word_1_181' title='bbox 1200 3395 1294 3468; x_wconf 85' lang='lat' dir='ltr'>Sanc</span> 
     </span>
     <span class='ocr_line' id='line_1_26' title="bbox 289 3520 1293 3627; baseline 0.006 -40"><span class='ocrx_word' id='word_1_182' title='bbox 289 3541 344 3588; x_wconf 87' lang='lat' dir='ltr'>rcs</span> <span class='ocrx_word' id='word_1_183' title='bbox 362 3533 452 3593; x_wconf 70' lang='lat' dir='ltr'>crat</span> <span class='ocrx_word' id='word_1_184' title='bbox 489 3523 700 3623; x_wconf 77' lang='lat' dir='ltr'>perturbata.</span> <span class='ocrx_word' id='word_1_185' title='bbox 738 3524 914 3627; x_wconf 79' lang='lat' dir='ltr'>Equidem</span> <span class='ocrx_word' id='word_1_186' title='bbox 935 3521 1160 3620; x_wconf 85' lang='lat' dir='ltr'>malueram,</span> <span class='ocrx_word' id='word_1_187' title='bbox 1194 3520 1293 3622; x_wconf 90' lang='lat' dir='ltr'>quod</span> 
     </span>
     <span class='ocr_line' id='line_1_27' title="bbox 289 3645 1292 3752; baseline 0.005 -39"><span class='ocrx_word' id='word_1_188' title='bbox 289 3655 364 3716; x_wconf 87' lang='lat' dir='ltr'>erat</span> <span class='ocrx_word' id='word_1_189' title='bbox 388 3661 590 3750; x_wconf 87' lang='lat' dir='ltr'>susceptum</span> <span class='ocrx_word' id='word_1_190' title='bbox 612 3652 671 3725; x_wconf 72' lang='lat' dir='ltr'>&#39;ab</span> <span class='ocrx_word' id='word_1_191' title='bbox 703 3653 769 3726; x_wconf 88' lang='lat' dir='ltr'>illis</span> <span class='ocrx_word' id='word_1_192' title='bbox 791 3667 830 3752; x_wconf 89' lang='lat'>¹¹,</span> <span class='ocrx_word' id='word_1_193' title='bbox 867 3649 1005 3724; x_wconf 85' lang='lat' dir='ltr'>silentio</span> <span class='ocrx_word' id='word_1_194' title='bbox 1032 3650 1197 3722; x_wconf 84' lang='lat' dir='ltr'>transire:</span> <span class='ocrx_word' id='word_1_195' title='bbox 1229 3645 1292 3720; x_wconf 90' lang='lat' dir='ltr'>scd</span> 
     </span>
     <span class='ocr_line' id='line_1_28' title="bbox 288 3773 1289 3875; baseline 0.005 -36"><span class='ocrx_word' id='word_1_196' title='bbox 288 3791 428 3871; x_wconf 87' lang='lat' dir='ltr'>vereor,</span> <span class='ocrx_word' id='word_1_197' title='bbox 453 3800 497 3848; x_wconf 90' lang='lat' dir='ltr'>ne</span> <span class='ocrx_word' id='word_1_198' title='bbox 523 3800 596 3851; x_wconf 90' lang='lat' dir='ltr'>non</span> <span class='ocrx_word' id='word_1_199' title='bbox 620 3777 731 3853; x_wconf 86' lang='lat' dir='ltr'>liceat.</span> <span class='ocrx_word' id='word_1_200' title='bbox 751 3779 832 3854; x_wconf 87' lang='lat' dir='ltr'>Non</span> <span class='ocrx_word' id='word_1_201' title='bbox 858 3777 973 3850; x_wconf 82' lang='lat' dir='ltr'>ferunt</span> <span class='ocrx_word' id='word_1_202' title='bbox 998 3775 1176 3873; x_wconf 89' lang='lat' dir='ltr'>homines,</span> <span class='ocrx_word' id='word_1_203' title='bbox 1193 3773 1289 3875; x_wconf 91' lang='lat' dir='ltr'>quod</span> 
     </span>
     <span class='ocr_line' id='line_1_29' title="bbox 209 3889 1286 4008; baseline 0.005 -43"><span class='ocrx_word' id='word_1_204' title='bbox 209 3889 220 3990; x_wconf 74' lang='lat' dir='ltr'>l</span> <span class='ocrx_word' id='word_1_205' title='bbox 288 3893 525 3976; x_wconf 86' lang='lat' dir='ltr'>videturesse</span> <span class='ocrx_word' id='word_1_206' title='bbox 559 3891 676 3978; x_wconf 72' lang='lat' dir='ltr'>tannen</span> <span class='ocrx_word' id='word_1_207' title='bbox 709 3902 1009 4008; x_wconf 46' lang='lat' dir='ltr'>serendumgSed</span> <span class='ocrx_word' id='word_1_208' title='bbox 1043 3917 1096 3976; x_wconf 87' lang='lat' dir='ltr'>est</span> <span class='ocrx_word' id='word_1_209' title='bbox 1123 3901 1191 3974; x_wconf 88' lang='lat' dir='ltr'>iam</span> <span class='ocrx_word' id='word_1_210' title='bbox 1218 3925 1286 3971; x_wconf 89' lang='lat' dir='ltr'>una</span> 
     </span>
    </p>
   </div>
   <div class='ocr_carea' id='block_1_2' title="bbox 0 0 1466 5002">
    <p class='ocr_par' dir='ltr' id='par_1_2' title="bbox 0 0 1466 5002">
     <span class='ocr_line' id='line_1_30' title="bbox 0 0 1466 5002; baseline 0 2"><span class='ocrx_word' id='word_1_211' title='bbox 0 0 1466 5002; x_wconf 95' lang='lat' dir='ltr'> </span> 
     </span>
    </p>
   </div>
  </div>
 </body>
</html>
