2932 5000
545 415 581 462 rn
607 413 796 464 errsronns
1096 395 1167 470 385

209 511 297 572 alieni
321 511 383 594 (ep.
398 511 521 584 XXVI,
540 517 576 596 9)
599 514 789 598 impediendo
810 531 904 574 novas
930 514 1049 578 tabulas
1070 529 1168 580 osten-

207 623 291 680 tavit.
845 658 848 666 ι

170 726 206 786 ι6
232 725 339 788 Ambb.
363 739 422 788 tres
443 739 473 788 et
493 727 559 788 edd.
581 728 669 789 Rom.
690 739 720 788 et
740 729 831 790 Herv.
853 741 881 788 ct
901 747 1046 790 anteesse
1066 731 1098 791 d.

172 855 206 916 ¹7
228 833 278 894 Sic
296 834 374 894 bene
396 837 574 896 recentiores
595 855 716 910 omnes,
738 838 830 895 secuti
851 835 1013 896 editionem
1035 848 1167 898 veterem

204 941 311 1000 Miuut.
334 939 410 1001 Aldi.
430 939 540 1000 Ambb.
560 952 621 1002 tres
641 952 671 1002 et
684 941 730 1003 ed.
753 943 827 1002 lens.
848 942 990 1002 attollere.
1013 943 1105 1020 Quod
1120 944 1167 1004 ed.

203 1047 292 1107 Rom.
307 1044 398 1106 hahet
412 1047 560 1119 accolere,
579 1047 609 1107 id
622 1059 667 1109 est
680 1067 715 1108 ex
729 1050 952 1130 permutatione
965 1047 1121 1109 literarum
1145 1061 1170 1109 tt

206 1173 277 1212 cum
299 1171 351 1224 cc,
372 1173 449 1234 quae
469 1151 612 1214 facillime
632 1155 664 1214 in
683 1175 753 1214 mss.
773 1157 881 1214 evenit.

171 1258 207 1320 18
229 1259 377 1340 intellige,
398 1260 577 1340 stragulam,
597 1263 789 1342 peristroma,
804 1262 835 1320 iu
849 1260 960 1341 quibus
974 1281 1103 1342 mugnus
1116 1282 1171 1322 or-

205 1375 295 1425 natus
307 1365 509 1426 tricliniorum
522 1365 588 1427 fnit.
610 1366 681 1427 Cfer
693 1368 844 1430 Verrinas.
861 1366 933 1427 Eun.
947 1365 1048 1432 Natta,
1058 1366 1170 1446 sermea,

206 1474 226 1532 i.
247 1492 271 1531 e.
292 1470 466 1554 pulcritudo
486 1472 635 1545 mulieris,
661 1485 713 1534 aut
740 1473 969 1545 adolescentuli,
996 1493 1074 1554 quae
1100 1473 1170 1534 libi-

205 1574 307 1638 dinem
327 1580 458 1638 excitare
479 1581 581 1660 possit
595 1579 713 1639 Sciiita
736 1577 871 1640 Conditio
884 1581 1026 1659 peccuniae
1040 1592 1084 1640 est
1096 1601 1169 1662 pro-

204 1685 308 1744 missio
328 1687 489 1766 pecuniae,
512 1687 648 1766 quamvis
669 1705 810 1766 magnae,
832 1685 871 1744 od
892 1684 1091 1748 obtinendum
1113 1685 1170 1744 nli-

208 1791 283 1872 quid
305 1795 484 1851 contraius.

170 1919 207 1980 ¹9
226 1897 320 1970 Puta,
334 1898 394 1957 ed
387 1897 606 1958 iurisdictiones
620 1897 836 1970 conficiendas,
850 1897 947 1958 velud
961 1899 1110 1958 exercitus
1124 1898 1171 1956 in-

207 2004 384 2087 spiciendos
406 2004 578 2076 Pertenatl,
599 2003 639 2066 ob
652 2007 801 2088 praetoris
815 2005 944 2087 rapinas.
948 2003 1046 2064 'Hinc
1064 2002 1192 2086 paullo

205 2111 285 2170 inira
298 2117 315 2186 S
327 2133 360 2194 9:
380 2111 432 2171 illu
451 2113 584 2172 inuentus
601 2125 692 2193 atque
710 2131 848 2192 agrum
871 2112 1024 2174 latrocinia
1037 2131 1097 2170 este
1113 2109 1168 2170 cle-

204 2218 302 2298 pulsa.
323 2217 393 2277 Non
412 2232 529 2300 sumptu
550 2218 716 2293 extuanti,
736 2217 827 2277 huius
848 2218 1051 2278 continentiae
1071 2235 1171 2278 exem-

206 2325 292 2406 plum
315 2324 440 2384 omnino
460 2325 611 2404 singulare
633 2324 739 2384 Cicero
759 2323 798 2383 de
818 2343 849 2383 se
869 2323 958 2384 nobis
986 2322 1110 2402 reliquit
1139 2323 1170 2380 in

208 2450 276 2512 epp.
298 2433 367 2489 anni
388 2429 522 2490 DCCiII.
544 2429 684 2490 Adventu
710 2411 895 2501 commoveri,
920 2429 1000 2490 ider'n
1030 2428 1090 2488 Cic.
1111 2447 1171 2509 pro

207 2535 265 2616 ieg.
278 2535 415 2607 Manilia,
436 2559 460 2596 c.
482 2536 514 2596 5:
535 2536 690 2597 Eiusmodi
707 2537 737 2596 in
754 2537 935 2617 provinciam
953 2536 1082 2594 leomines
1101 2553 1171 2602 curn

208 2643 329 2722 imperti>
357 2644 514 2715 mittimus,
543 2655 574 2704 ut
601 2645 713 2704 etianni
741 2644 780 2702 ab
806 2643 887 2702 hoste
913 2638 1094 2723 defendant,
1125 2651 1172 2697 ta-

207 2769 275 2808 men
294 2750 422 2830 ipsontm
441 2749 614 2810 aduentus'
602 2771 633 2810 m
654 2749 738 2809 urbes
757 2748 901 2808 soctbntm
921 2767 981 2807 non
994 2745 1120 2806 multum
1132 2744 1172 2804 ab

209 2849 308 2914 hostili
324 2858 591 2937 expugnationer
560 2855 709 2939 dfferaat.
969 2904 972 2916 .
1025 2903 1028 2916 .

170 2977 210 3019 no
232 2958 340 3019 Ambh.
368 2983 406 3044 9,
431 2983 466 3022 ro
493 2972 524 3022 et
551 2963 617 3022 edd
640 2965 716 3023 lens.
743 2963 816 3022 Min.
843 2960 969 3022 Hera.
956 2979 1052 3041 ipsum
1072 2899 1126 3018 luas
1147 2968 1175 3014 te

210 3067 332 3142 liabere3
361 3070 424 3128 imo
450 3068 538 3129 Amb.
567 3069 810 3150 9Nequaquatn
835 3069 906 3128 satis
932 3078 1034 3126 est-
1055 3061 1109 3122 sed
1132 3074 1176 3122 est

212 3172 509 3254 circumspiciendum.

169 3297 204 3336 21
230 3277 366 3340 Allienus
386 3279 468 3340 dedit
489 3285 606 3363 primus
627 3283 716 3355 Erre,
736 3281 827 3363 idque
840 3281 954 3343 Vrsino
971 3288 1001 3338 et
1021 3276 1087 3337 aliis
1100 3276 1176 3336 viris

211 3382 307 3442 doctis
320 3385 448 3469 placuit3
464 3387 501 3446 cf.
517 3389 606 3448 Tusc.
622 3389 677 3461 IV,
691 3409 718 3448 2.
730 3388 835 3468 Vulgo
850 3385 1011 3458 Hellenas,
1032 3381 1108 3442 libb.
1121 3380 1176 3440 ali-

211 3500 288 3568 quot
307 3489 444 3550 Auieaus.
464 3491 575 3552 Noster
593 3506 636 3553 est
654 3493 749 3556 edidit
761 3496 825 3575 ipse
839 3493 912 3552 Ern.
924 3512 962 3552 ex
977 3508 1047 3548 mss.
1059 3485 1175 3556 Paris»,

214 3606 244 3653 et
265 3595 321 3653 fuit
342 3598 372 3653 in
392 3617 448 3656 ms.
469 3597 581 3659 Vrsini.
603 3601 699 3660 Antea
718 3599 824 3659 aberat
843 3611 895 3658 est.

171 3719 210 3756 22
233 3701 278 3758 ita
298 3701 417 3780 primus
436 3705 524 3763 tacite
544 3705 651 3764 Lamh.
672 3705 742 3766 Mss.
763 3703 873 3765 Ambb.
887 3713 917 3762 et
937 3701 985 3762 ed.
1004 3708 1077 3760 vett.
1106 3715 1174 3755 cor·

212 3815 301 3885 rupte
319 3819 476 3888 propterea
496 3830 625 3872 uuwrem
647 3855 671 3870 ..
686 3857 692 3871 .
706 3856 713 3869 .
727 3812 813 3872 etiam
833 3809 1030 3870 dentonsttare
1053 3801 1174 3862 laboret.

173 3911 213 3969 23
234 3909 322 3968 Amb.
342 3933 378 3993 9,
403 3934 435 3992 ¹7
449 3913 530 3997 fines
550 3929 678 3978 eatenus.
705 3920 766 3978 Per
788 3939 817 3976 se
839 3915 1007 3995 negligeret,
1031 3909 1174 3991 privatim

217 4029 323 4095 Crcen.
344 4033 391 4098 ΙΙ.
413 4070 453 4086 —·
473 4039 550 4103 Lett.
576 4039 613 4101 Τ.
634 4041 663 4103 I.
1017 4031 1056 4092 25
