2924 5002
506 443 542 494 111
569 437 757 490 nrtsronls
1060 420 1130 524 357

171 538 437 603 circumferrentur
463 540 664 622 inspiciendae
690 563 709 601 a
737 539 905 613 iudicibus,
926 552 960 602 ut
981 543 1054 624 quid
1075 543 1130 610 ha-

170 645 256 708 beret
276 648 308 710 in
328 644 431 717 bonis,
450 655 481 706 et
499 646 579 708 unde
600 625 756 730 acceptum
771 658 902 730 pateret,
923 669 972 710 ens
986 651 1131 732 inspicere

171 752 284 813 iudices
304 751 483 823 noluerunt,
502 751 617 815 nullam
642 753 679 814 de
706 756 875 836 integritate
902 755 958 816 viri
986 757 1131 837 suspicio-

171 877 243 920 nem
263 858 417 930 habentes.
474 897 476 906 ι
527 899 537 908 1

136 963 172 1024 16
192 966 239 1025 lte
258 964 317 1025 hoc
338 965 404 1026 loeo
418 962 488 1026 libri
503 983 607 1034 amnes
620 965 690 1029 inde
704 965 744 1026 ab
758 966 803 1026 ed.
819 967 894 1028 lens.
907 987 941 1028 ex
955 988 997 1048 gr.
1025 974 1131 1054 'Aprem
1151 989 1153 996 ¹

170 1069 226 1132 ubi
247 1087 269 1124 ¹2
298 1091 440 1152 graecum
460 1074 567 1132 transit
591 1073 623 1132 in
642 1071 721 1134 ilat.
747 1072 796 1132 Sic
821 1073 1046 1155 chirographum
1071 1093 1133 1132 non

172 1179 410 1259 clremgraplmrn.
425 1176 505 1238 Alibi
526 1178 617 1260 vulgo
629 1177 728 1240 editur
741 1167 932 1262 Areopapus,
951 1190 981 1239 et
998 1179 1132 1259 Areopa-

169 1287 256 1365 gitae.
278 1282 372 1362 Quod
392 1283 465 1344 dicit
487 1285 640 1366 praeclari
666 1285 891 1366 intelligendum
918 1297 962 1347 est
988 1281 1131 1359 εἰρονικῶς·

170 1391 254 1452 Tum
275 1391 399 1472 refertur
415 1389 459 1458 ad
477 1391 628 1454 consilium
647 1391 810 1454 insolenter
836 1393 961 1468 dicitur3
983 1391 1062 1452 irtfra
1088 1399 1133 1450 est

169 1495 307 1580 defertur.
571 1483 573 1488 Ι
634 1499 637 1504 ’

133 1625 168 1684 ¹7
189 1604 234 1666 vt
253 1602 436 1686 praesidium
457 1602 592 1664 iudicum
613 1604 739 1666 consilio
760 1595 952 1666 constituent.

134 1708 170 1770 18
191 1709 234 1769 M.
256 1708 416 1788 Crassum,
433 1709 470 1770 dc
491 1712 575 1772 cuius
595 1709 734 1772 laudibus
748 1713 780 1771 in
795 1711 972 1772 Ciceronem
986 1709 1133 1790 congestis
1157 1729 1159 1735 ·

169 1815 277 1898 paullo
297 1836 390 1897 supra
412 1817 475 1898 (ep.
497 1837 562 1898 sup.
583 1817 620 1896 4)
643 1812 768 1899 scripsit
785 1817 891 1879 Caium
903 1838 960 1900 per
973 1818 1073 1876 iocum
1086 1812 1133 1872 di-

169 1919 266 1995 citur,
287 1925 373 2005 quia,
386 1943 479 2004 quum
501 1923 626 1984 Nanneii
640 1945 658 1984 a
672 1923 756 1985 Sulla
775 1926 938 2006 proscripti
952 1922 1034 1982 bona
1045 1922 1134 1980 emis-

169 2039 216 2090 set
235 2049 291 2110 per
310 2032 590 2111 procuratores,·in
609 2029 721 2092 tabulis
738 2033 855 2093 curavit
874 2029 980 2101 scribi,
1001 2049 1037 2088 ea
1049 2021 1133 2086 ¹bona

171 2146 276 2218 empta
294 2137 412 2197 Licinio
434 2135 544 2213 Calv03
564 2158 635 2198 nam
656 2149 686 2199 et
705 2139 813 2198 Licinii
837 2137 921 2200 Calvi
939 2137 1032 2197 suere.
1058 2133 1132 2194 Ern.

171 2244 280 2324 ltaque
299 2263 341 2304 ea:
360 2242 543 2304 Nanneianis
569 2253 669 2306 estex
689 2242 869 2338 Nanneianis
896 2240 1077 2312 sectoribus,
1099 2249 1134 2298 ut

170 2348 249 2410 vidit
269 2350 291 2408 1.
313 2350 348 2409 F.
370 2350 463 2410 Gran.
485 2349 534 2410 Sic
556 2361 632 2412 tecte
651 2371 722 2410 eum
743 2361 843 2423 vocat,
863 2371 902 2411 ne
923 2352 947 2410 si
961 2347 1089 2432 epistola
1102 2349 1134 2406 in

170 2455 284 2518 alienas
295 2477 401 2518 manus
415 2456 584 2529 deveniret,
596 2469 627 2518 et
640 2457 764 2518 Crassus
775 2443 953 2518 nominatim
964 2453 1133 2538 appellatus
1177 2433 1181 2442 ²

168 2563 288 2634 fuisset,
307 2573 456 2624 recentem
477 2562 628 2626 Ciceronis
655 2565 896 2625 coniunctionem
923 2583 993 2622 cum
1020 2581 1056 2620 eo
1085 2558 1132 2620 di·

170 2657 305 2732 rimeret
908 2730 912 2748 ¹
1149 2653 1154 2658 ’

135 2801 172 2861 ¹9
193 2778 264 2838 Scil.
285 2775 564 2859 corrumpendarum
584 2775 720 2838 iudicum
741 2776 814 2838 Ern.
839 2775 995 2838 Arcessirit
1020 2772 1133 2845 adse,

169 2886 318 2946 nimirum
336 2882 466 2962 iudices3
486 2885 657 2957 intercessit,
677 2886 853 2967 pecuniam,-
874 2883 934 2944 vid.
954 2880 1022 2942 lud.
1042 2881 1110 2940 Lat.

131 3013 171 3053 20
191 2991 361 3074 Malaspina
390 3002 471 3051 amat
496 2990 547 3052 hic
573 2991 630 3052 loci
653 2991 877 3074 permotiones,
902 2988 984 3072 quod
1013 2989 1134 3050 lenones

171 3099 296 3180 proprie
323 3095 515 3180 perductores
548 3097 689 3160 dicanmr
715 3099 804 3160 Verr.
834 3100 863 3171 I,
889 3118 922 3158 m
933 3142 945 3172 ,
970 3107 1000 3155 et
1019 3094 1066 3166 V,
1090 3111 1134 3151 12.

172 3202 411 3264 Introductiones
431 3214 476 3264 est
500 3203 560 3264 hoc
585 3207 651 3287 ipso
673 3183 760 3266 sensu
781 3206 969 3287 aptissimum
991 3199 1135 3271 verbum,

171 3310 257 3392 quod
277 3320 308 3370 et
328 3309 455 3372 Casauh.
475 3309 616 3372 defendit.
637 3311 745 3372 Lamb.
764 3309 980 3394 productiones.

131 3437 166 3476 111
190 3415 348 3480 Ernestius
362 3427 393 3478 et
408 3416 519 3478 Schiitz
533 3399 970 3502 rescripseruntcommoreret,
984 3416 1029 3476 ed.
1042 3414 1130 3473 llam.

170 3535 379 3596 commoverat,
400 3545 499 3606 quam
512 3527 605 3586 secuti
626 3548 739 3588 sumus.
760 3525 853 3607 Vulg.
873 3521 1065 3586 commoverit.
1165 3516 1168 3525 ’

132 3650 170 3690 nn
193 3629 261 3690 Hoc
281 3630 373 3691 refert
392 3632 483 3691 etiam
503 3631 684 3694 Plutarchus
706 3635 736 3694 in
758 3631 819 3694 Cic.
840 3655 870 3717 p.
892 3628 961 3711 875.

132 3737 171 3797 23
194 3733 308 3819 Populi
325 3737 409 3798 Rom.
428 3737 569 3800 Ernestio
590 3751 763 3822 suspectum
782 3740 848 3800 fuit.

132 3843 173 3920 14
193 3841 272 3903 Edd.
292 3843 400 3904 Minut.
422 3844 487 3906 Ald.
509 3845 600 3907 Here.
620 3846 821 3908 concidissent.

133 3947 172 4009 25
194 3947 303 4010 Silberi
325 3948 371 4009 ed.
396 3951 835 4036 1490ninseccandn3quod
856 3952 956 4035 primo
981 3939 1137 4030 placebat,
1201 3971 1203 3974 ·

174 4075 256 4116 nunc
276 4055 364 4116 aliter
384 4055 512 4118 videtur.
