2932 5000
511 401 548 447 rr
574 396 764 448 nrrsronas
1069 376 1143 477 409

182 506 226 567 M.
247 507 346 586 ingero
367 503 434 562 sint.
456 501 522 560 Non
542 499 702 560 hominum
724 501 859 580 quinque
878 497 985 569 millia,
1004 497 1057 560 sed
1081 501 1143 562 XX

184 615 302 674 circiter
316 631 353 670 eo
367 607 496 668 deducte
516 606 622 667 scribit
641 606 719 668 Vell.
743 603 919 666 Paterculus
933 603 1000 666 loco
1013 605 1079 680 eit.',
1091 606 1143 667 sed

186 719 340 780 Stellatem
363 715 473 775 Caesar
493 712 624 784 addidit,
643 727 679 774 ut
699 711 803 773 scribit
822 709 981 772 Svetonius
1002 711 1069 774 loco
1089 736 1114 774 c.

140 826 252 904 t‘Vid.
273 824 379 906 adep.
401 821 521 892 XXIX,
538 842 588 892 ro,
610 818 666 881 sub
687 822 751 880 init.
772 818 853 899 Agre
870 817 1024 900 Campano
1036 818 1142 896 dotem

184 913 389 1013 redemptores
410 948 554 1010 agrorum
567 926 760 1009 publicorum
775 925 903 1006 vectigal
922 925 1038 1008 populo
1054 927 1142 987 Rom.

183 1037 354 1126 perdebant
366 1055 424 1119 pro
444 1056 480 1094 ea
490 1045 576 1117 parte
591 1035 669 1116 agri,
687 1053 779 1115 quam
794 1033 1006 1094 conduxerant.
1028 1034 1143 1114 Agrum

184 1145 374 1226 Campanum
399 1141 438 1203 ad
464 1141 596 1202 subsidia
622 1143 665 1202 rei
691 1138 775 1224 publ.
802 1140 979 1220 vectigalem
1005 1141 1142 1200 relictum

183 1251 277 1311 tradit
303 1249 383 1310 Svet.
410 1249 478 1310 loco
499 1269 539 1320 c,
566 1248 627 1309 Cic.
648 1250 679 1308 in
700 1247 780 1308 Rull.
807 1268 832 1308 c.
854 1266 902 1328 ²9·
924 1246 1143 1326 Vectigal

184 1356 388 1429 domesticum,
409 1359 440 1417 in
461 1357 556 1417 ltalia

145 1463 166 1524 5
187 1463 257 1524 Vid.
280 1463 342 1524 lnd.
363 1464 429 1524 Lat.
443 1463 500 1524 Ed.
514 1463 602 1525 Rom.
623 1461 727 1522 scribit
740 1463 916 1542 vigesmtom3
937 1461 989 1522 sed
1002 1460 1078 1521 illnd
1091 1458 1145 1519 ba-

185 1569 258 1631 bent
270 1571 409 1631 meliores
424 1569 510 1642 libri,
529 1580 560 1630 et
579 1569 680 1630 multis
694 1568 831 1651 partibus
851 1568 966 1650 plures,
986 1570 1029 1628 sic
1048 1569 1143 1638 vr‘oies,

187 1677 284 1736 viceni.
309 1675 342 1736 V
339 1697 378 1738 na
391 1677 600 1748 conciuncula,
619 1687 694 1758 puta
706 1673 822 1736 tribuni
834 1675 874 1758 pl.
890 1673 1145 1756 Pedisseqrtorum,

185 1781 262 1855 scil,
283 1780 442 1844 bominum
463 1803 498 1843 ex
520 1782 625 1842 infima
644 1782 743 1864 plebe.

145 1887 167 1950 6
188 1890 231 1952 Vt
251 1892 316 1970 agri
339 1889 483 1972 Campani
505 1888 687 1950 divisionem
706 1888 859 1971 probaret.
879 1887 1058 1971 Pompeium
1072 1886 1146 1968 legis

188 2017 339 2057 suasorem
360 1998 497 2070 nominet
515 1996 593 2058 Vell.
615 1996 670 2057 loc.
692 2017 717 2056 c.
747 1996 881 2058 Omnino
908 1995 947 2056 tle
974 1994 1031 2056 bac
1052 2017 1085 2056 re
1105 1994 1146 2054 le-

189 2103 302 2184 gendus
324 2104 384 2162 Dio
404 2101 455 2162 lib.
476 2103 664 2176 XXXVIII,
681 2125 691 2162 1
709 2137 749 2150 -
764 2125 790 2183 7.

147 2229 166 2290 7
188 2211 233 2270 lta
254 2209 366 2269 Faie'rni
393 2208 459 2280 lib.,
481 2212 589 2268 Anton.
611 2219 642 2269 et
662 2207 751 2269 Amb.
777 2207 820 2268 16.
844 2207 935 2290 Vulg.
954 2206 1053 2269 aridae
1073 2208 1148 2278 Isoc;

187 2315 239 2376 sed
259 2315 348 2398 plura
368 2315 506 2399 Pompeii
520 2314 627 2377 cavilla
640 2326 825 2397 sequuntur,
844 2335 906 2376 non
917 2335 1028 2387 rmum,
1047 2325 1147 2376 utno-

189 2431 234 2482 tet
254 2422 430 2505 Malaspina.
880 2494 883 2501 Ι

146 2527 168 2586 8
188 2529 232 2590 Vt
251 2532 348 2590 socius
367 2532 473 2613 populi
494 2530 530 2591 R.
551 2530 770 2613 appellaretur3
791 2531 829 2591 de
850 2549 911 2610 quo
931 2531 1022 2590 etiam
1043 2527 1145 2588 confe-

188 2645 271 2694 ctum
292 2646 344 2696 est.
365 2636 437 2696 Em.
459 2636 530 2697 Mox
557 2650 618 2698 tum
641 2650 797 2710 servasset,
826 2657 937 2719 quum,
964 2635 1043 2707 scil,
1068 2635 1147 2716 leges

179 2737 371 2823 serebantur,
390 2744 441 2804 ille
461 2746 638 2826 praesertim
658 2744 696 2805 de
716 2744 823 2805 Clodio
844 2742 883 2804 ad
903 2742 1024 2825 plebem
1044 2741 1149 2802 tradu-

189 2847 293 2908 cendo.
318 2848 445 2910 Servare
458 2861 559 2911 autem
580 2850 617 2911 de
638 2851 736 2922 caelo,
756 2850 786 2910 h.
807 2871 850 2922 e.,
870 2851 1035 2931 auspicari,
1055 2859 1085 2909 et
1106 2849 1149 2908 le-

190 2975 259 3037 gem
285 2955 361 3016 ferre
382 2955 488 3017 eodem
514 2968 671 3040 tempore,
697 2957 779 3018 nefas
805 2967 877 3018 eret.
898 2957 954 3016 Ito·
970 2954 1082 3028 ordini,
1101 2956 1150 3014 ni-

190 3063 303 3122 mirum
323 3065 470 3145 equestri,
494 3083 530 3124 er
550 3086 611 3145 quo
640 3075 725 3125 erant
751 3063 914 3146 publicani,
944 3061 1151 3134 Commodum,

191 3170 283 3228 tertia
303 3169 493 3250 vectigalium
517 3181 604 3252 parte
630 3173 767 3241 remissa,
793 3171 853 3230 Dio
880 3170 1061 3241 XXXVIII,
1082 3191 1099 3250 7
1121 3179 1152 3229 et

191 3275 320 3356 Appian.
334 3273 366 3335 B.
380 3275 443 3336 civ.
465 3277 508 3348 ll,
532 3277 582 3350 13,
603 3275 643 3336 ob
662 3277 786 3358 publiea
804 3277 932 3338 nimium
954 3295 1067 3357 magno
1081 3295 1153 3336 con-

192 3379 301 3454 ducta,
321 3401 366 3464 ep.
387 3382 494 3454 XXII,
516 3383 541 3442 3.
563 3383 599 3443 Si
621 3384 766 3445 Bibulus.
782 3428 809 3444 ..
828 3381 1036 3455 descendisset,
1067 3383 1152 3463 qnasi
1184 3409 1188 3417 ·
1285 3384 1287 3390 ’

193 3485 320 3560 diceret,
340 3490 364 3548 si
384 3486 508 3548 Bibulus
525 3492 662 3550 convicio
676 3503 816 3573 exceptus
829 3490 947 3561 suisset,
958 3499 1049 3570 atque
1062 3489 1152 3548 etiam
1215 3528 1218 3533 -

188 3593 262 3652 *foro
283 3593 438 3676 expulsus,
458 3594 494 3654 of.
515 3596 553 3654 ad
574 3617 642 3678 epp.
663 3597 766 3668 XLV,
787 3596 822 3669 5,
844 3608 874 3658 et
894 3597 1011 3667 XLVI,
1031 3617 1058 3675 7.

152 3721 175 3781 9
195 3700 301 3776 Quum
322 3699 442 3780 Syriam
463 3712 493 3761 et
513 3700 712 3762 Palaestinam
733 3703 858 3785 subegit.
877 3701 1040 3770 Obtinebis,
1060 3699 1152 3759 utdi-

195 3816 282 3866 catur
301 3817 331 3866 te
350 3805 560 3880 benefecisse,
578 3810 661 3889 quod
675 3810 801 3891 vectigal
815 3809 981 3878 sublatum,
996 3826 1064 3866 cum
1076 3803 1153 3864 ¹vec-

195 3910 279 3994 tigali
301 3912 471 3976 Antilibano
500 3919 697 3978 commutasti.
724 3916 922 3979 Praemiorwn
945 3912 1096 3994 fructum,
1118 3921 1155 3970 Ut
