2834 5012
324 445 387 497 xlv
705 444 951 495 ssaaosvamo

321 553 401 632 riae
430 548 715 630 coniurationis
744 548 915 660 scriptor
943 548 1097 658 attigit,
1118 543 1329 657 ea10ieero

320 701 513 812 explicate
539 695 695 778 disserit
723 699 767 778 in
796 696 980 808 epistolis.
1018 695 1103 777 Hie
1131 697 1326 780 nimirum

184 877 187 886 ’
320 849 438 930 Sacra
479 849 616 931 Bonae
660 848 772 926 Deae
814 873 836 924 a
878 847 926 926 P.
968 842 1112 925 Clodio
1148 845 1326 958 polluta,

319 1025 486 1082 uxorem
525 999 586 1079 Mt
625 990 790 1078 Luculli
823 1023 845 1074 a
878 997 1076 1076 Memmio
1117 997 1223 1078 inter
1253 997 1326 1080 Sa·

319 1175 386 1228 cra
414 1147 498 1258 ipsa
527 1146 732 1243 vitiatam,
768 1157 811 1224 et
851 1139 998 1224 iudicia
1026 1141 1080 1224 ob
1109 1145 1326 1255 pecuniam

319 1307 523 1405 acceptam
563 1305 849 1404 constuprata:
894 1289 963 1372 hie
1002 1288 1222 1374 ambitum⁴
1244 1294 1324 1376 im·

318 1469 498 1540 manem,
527 1457 567 1522 et
594 1442 838 1524 atrocissima
865 1436 915 1520 de
943 1467 991 1520 eo
1020 1437 1194 1542 indiciam
1222 1469 1325 1524 con·

319 1592 492 1670 sulatum
519 1588 570 1670 ab
592 1587 759 1674 Assumo
779 1592 950 1702 peeunia
973 1604 1177 1700 emptum,
1199 1603 1322 1702 atque

316 1742 392 1837 ita,
422 1737 526 1850 proh
554 1737 706 1850 pudor!
737 1737 912 1850 utquid
942 1743 1098 1820 emisset
1126 1741 1321 1842 nesciret3

186 1890 189 1898 ’
316 1905 356 1970 et
384 1892 609 2001 pactionem
637 1890 810 1970 Domitii
832 1905 872 1970 et
892 1889 1095 1990 Memmii,
1115 1892 1178 1971 uti
1199 1886 1321 1971 ambo

315 2037 403 2118 Hs
424 2035 675 2150 quadragena
698 2035 931 2120 oonsulibus
953 2036 1111 2138 darent,
1134 2041 1166 2118 si
1187 2051 1320 2120 essent

315 2188 391 2296 ipsi
413 2188 595 2269 eonsules
616 2186 733 2270 facti:
757 2186 825 2269 hie
846 2204 1059 2299 quaternas
1081 2191 1316 2270 nentesimas

315 2337 359 2416 in
388 2339 564 2448 singulos
592 2351 795 2420 menses'a
824 2339 884 2420 M.
913 2339 1070 2438 Bruta,
1095 2367 1130 2418 a
1158 2339 1318 2436 Bruto,

315 2487 502 2596 inquam,
527 2485 640 2568 urhis
668 2485 833 2588 delicie,
860 2485 909 2568 de
931 2486 1151 2570 Salaminiis
1173 2502 1316 2600 postu-

315 2631 434 2735 latas,
463 2663 593 2746 quum
622 2663 709 2718 mos
739 2651 859 2736 esset„
888 2650 936 2717 ut
964 2635 1141 2748 singulae
1169 2634 1318 2718 daren-

170 2795 171 2799 '
313 2796 393 2883 tur,
413 2800 453 2865 et
474 2784 781 2870 Salaminiorum
810 2802 993 2868 senatum
1022 2783 1075 2866 ob
1103 2781 1146 2864 id
1173 2787 1218 2866 in
1245 2813 1318 2867 cu-

313 2935 369 3010 ria
399 2935 452 3012 ita
473 2931 694 3036 obsessum,
717 2953 765 3018 ut
786 2934 891 3018 fame
913 2949 1110 3016 senatores
1131 2923 1316 3046 quinque

313 3096 565 3164 morerentur
582 3085 657 3194 (1)':
685 3083 755 3166 hie
782 3087 886 3197 leges
915 3087 956 3166 in
984 3074 1197 3165 consulatu
1218 3085 1317 3166 Gae-

308 3230 407 3338 ¹saris
436 3232 519 3310 sine
547 3237 731 3346 auspiciis
760 3235 880 3333 latas,
908 3250 948 3355 el
976 3231 1184 3331 consules,
1213 3232 1316 3314 alte-

313 3403 406 3456 rum
434 3377 542 3462 domi
570 3383 810 3483 latitantem,
859 3369 1027 3465 alterum
1067 3385 1110 3464 in
1152 3369 1314 3464 earcere

234 3630 235 3640 Ν
313 3527 536 3611 inclusum:
567 3531 634 3614 hie
662 3535 903 3646 Pompeium
932 3530 1040 3613 aliud
1070 3533 1235 3630 sentire,
1275 3547 1315 3612 et

353 3855 393 3933 (ι)
415 3855 510 3938 epist.
533 3860 733 3936 cnxxmv,
751 3863 779 3938 4.
828 3814 830 3822 J
