2924 5002
311 400 381 470 280
655 414 827 464 rrrsrom
852 415 962 465 xurn.
1086 415 1118 464 s.
1135 419 1169 465 v.
1186 419 1215 465 c.
1232 413 1283 481 ⁶94

310 523 385 595 toni
410 519 515 592 irati²
531 517 648 592 omnia
674 516 910 617 perdiderunt.
937 513 1007 590 Sed
1030 517 1080 590 ita
1096 517 1234 592 lenibus
1252 522 1306 592 uti

311 645 523 722 videbantur
547 645 709 742 venenis,
731 657 772 715 ut
797 669 900 742 posse
925 642 1124 716 videremur
1147 647 1222 716 sine
1248 645 1310 719 do·

309 771 383 846 lore
414 771 564 843 interire.
597 767 701 843 Nmrc
738 793 822 841 vero
855 765 963 840 sibilis
996 766 1107 868 vulgi,
1139 771 1310 842 sermoni-

307 897 375 972 bus
399 898 645 994 honestorum,
669 885 807 971 fremitu
833 893 971 995 Italiae,
995 920 1119 969 vereor
1142 921 1187 968 ne
1212 921 1309 970 exar-

309 1023 425 1098 serint.
450 1022 625 1122 Equidem
651 1019 852 1120 sperabam,
883 1033 923 1092 ut
948 1045 1052 1120 saepe
1080 1021 1184 1092 etiam
1210 1021 1312 1124 loqui

309 1164 428 1223 tecum
452 1147 630 1246 solebam,
655 1147 704 1219 sic
729 1144 851 1218 orbem
876 1143 927 1218 rei
951 1144 1113 1245 publicae
1130 1173 1205 1219 esse
1225 1173 1312 1220 con-

308 1302 470 1372 versum,
501 1287 541 1346 ut
568 1273 625 1346 vix
658 1273 812 1344 sonitum
844 1270 980 1370 audire,
1012 1273 1071 1345 vix
1101 1273 1311 1372 impressam

308 1400 459 1474 orbitam
486 1399 636 1473 videre³
663 1423 860 1497 possemus,
886 1411 923 1469 ct
946 1397 1068 1470 firisset
1091 1399 1155 1498 ita,
1186 1401 1217 1471 si
1243 1399 1311 1473 ho-

309 1529 420 1601 mines
438 1526 626 1599 transitum
644 1524 860 1625 tempestatis
878 1538 1079 1623 exspectare
1096 1525 1314 1626 potuissent,

309 1654 373 1728 sed
397 1671 506 1755 quum
531 1651 591 1725 diu
608 1650 745 1725 occulte
761 1650 1008 1750 suspirassent,
1025 1664 1146 1750 postea
1164 1651 1235 1724 iam
1253 1679 1311 1750 ge-

309 1806 420 1878 mere,
445 1778 492 1851 ad
516 1791 708 1851 extremum
733 1802 817 1850 vero
842 1775 939 1876 loqui
964 1760 1086 1850 omnes
1103 1789 1139 1849 et
1156 1775 1310 1851 clamare

310 1917 512 2004 coeperunt.

360 2057 382 2104 2
408 2032 531 2130 Itaque
554 2027 612 2104 ille
637 2027 769 2101 amicus
787 2042 907 2102 noster
917 2026 944 2127 l,
954 2027 1113 2102 insolens
1129 2027 1311 2130 infamiae,

308 2181 448 2256 semper
463 2156 501 2226 in
517 2154 620 2228 laude
638 2167 812 2252 versatus,
837 2151 1078 2228 circumfluens
1105 2153 1229 2254 gloria,
1248 2157 1312 2229 de-

307 2282 477 2355 formatus
505 2305 671 2380 corpore,
696 2279 825 2352 fractus
851 2280 986 2379 animo,
1012 2306 1082 2381 quo
1099 2307 1136 2353 se
1154 2281 1314 2358 conferat

308 2406 442 2506 nescit,
467 2430 690 2507 progressum
715 2404 958 2505 praecipitem,
981 2405 1241 2479 inconstantem
1258 2435 1314 2482 re·

309 2531 423 2605 ditum
435 2530 548 2630 videt,
565 2531 678 2604 honos
696 2530 855 2603 inimicos
872 2529 996 2629 habet,
1015 2531 1196 2631 improbos
1213 2535 1313 2634 ipsos

307 2685 382 2731 non
408 2657 547 2730 amicos.
572 2657 625 2728 Ac
651 2655 733 2729 vide
757 2653 940 2729 mollitiem
965 2655 1088 2729 animi:
1112 2683 1186 2730 non
1212 2662 1315 2732 tenui

306 2783 483 2883 lacrimas,
510 2809 618 2884 quum
644 2781 742 2854 illum
763 2763 848 2855 'ante
864 2783 953 2854 VIII
972 2782 1050 2855 Kal.
1073 2782 1219 2856 Sextiles
1236 2785 1315 2860 vidi
1351 2771 1352 2774 Ἴ
1447 2850 1448 2868 ,

308 2909 352 2980 de
378 2907 501 2982 edictis
525 2907 642 2982 Bibuli
667 2909 952 3006 concionantem,
977 2909 1038 3009 qui
1064 2922 1165 2982 antea
1187 2911 1313 2984 solitus

307 3051 398 3108 esset
434 3037 562 3108 iactare
595 3060 633 3108 se
669 3035 1008 3133 magnificentissime
1045 3033 1105 3107 illo
1137 3037 1176 3107 in
1208 3036 1315 3136 loce,

306 3185 445 3234 summo
478 3186 558 3232 cum
592 3185 709 3232 amore
740 3159 886 3260 populi,
926 3160 1060 3235 cunctis
1099 3161 1310 3234 faventibus.

306 3285 361 3358 Ut
384 3282 442 3357 ille
468 3299 543 3357 tum
574 3285 731 3384 humilis,
763 3300 803 3358 ut
835 3285 1004 3358 demissus
1036 3300 1128 3384 erat,
1159 3299 1201 3359 ut
1233 3289 1310 3388 ipse

307 3409 413 3484 etiam
438 3409 529 3509 sibi,
552 3436 626 3483 non
652 3411 693 3483 iis
719 3409 851 3510 solum,
877 3411 936 3513 qni
962 3410 1122 3510 aderant,
1148 3411 1315 3512 displice·

306 3534 386 3609 bat!
405 3536 437 3608 0
457 3535 697 3636 spectaculum
719 3537 780 3610 uni
798 3538 922 3611 Crasso
940 3537 1133 3610 iucundum
1146 3538 1171 3636 ⁶,
1189 3538 1315 3611 ceteris

306 3686 380 3735 nou
405 3663 508 3736 item!
533 3663 641 3763 Nam,
667 3664 748 3765 quia
775 3662 953 3736 deciderat
969 3689 1012 3734 ex
1031 3663 1150 3762 astris,
1175 3661 1314 3763 lapsus,

307 3813 413 3888 quam
438 3814 640 3889 progressus
665 3791 817 3889 potius⁶
842 3787 1043 3861 videbatur:
1067 3803 1118 3885 ct,
1142 3801 1183 3860 ut
1200 3787 1312 3887 Apel-

305 3909 376 4010 les,
402 3915 431 3987 si
457 3916 644 4015 Venerem,
671 3929 731 3988 aut
747 3916 776 3987 si
793 3916 1012 4011 Protogenes
1036 3912 1191 4013 Ialysum
1212 3913 1313 3986 illum
