<?xml version="1.0" encoding="UTF-8"?>
<!DOCTYPE html PUBLIC "-//W3C//DTD XHTML 1.0 Transitional//EN"
    "http://www.w3.org/TR/xhtml1/DTD/xhtml1-transitional.dtd">
<html xmlns="http://www.w3.org/1999/xhtml" xml:lang="en" lang="en">
 <head>
  <title>
</title>
<meta http-equiv="Content-Type" content="text/html;charset=utf-8" />
  <meta name='ocr-system' content='tesseract 3.04.00' />
  <meta name='ocr-capabilities' content='ocr_page ocr_carea ocr_par ocr_line ocrx_word'/>
</head>
<body>
  <div class='ocr_page' id='page_1' title='image "./mtulliiciceroni76cicegoog_0101.png"; bbox 0 0 2882 5002; ppageno 0'>
   <div class='ocr_carea' id='block_1_1' title="bbox 342 369 1329 1852">
    <p class='ocr_par' dir='ltr' id='par_1_1' title="bbox 342 369 1329 1852">
     <span class='ocr_line' id='line_1_1' title="bbox 345 369 1304 462; baseline -0.005 -17"><span class='ocrx_word' id='word_1_1' title='bbox 345 371 394 462; x_wconf 72' lang='grc'><strong>64</strong></span> <span class='ocrx_word' id='word_1_2' title='bbox 639 406 642 415; x_wconf 89' lang='grc'>·</span> <span class='ocrx_word' id='word_1_3' title='bbox 691 390 860 439; x_wconf 78' lang='lat' dir='ltr'><strong>ertsrotn</strong></span> <span class='ocrx_word' id='word_1_4' title='bbox 885 369 972 440; x_wconf 75' lang='lat' dir='ltr'><strong>ivn.</strong></span> <span class='ocrx_word' id='word_1_5' title='bbox 1123 391 1201 442; x_wconf 68' lang='lat' dir='ltr'><strong>nv.</strong></span> <span class='ocrx_word' id='word_1_6' title='bbox 1221 393 1304 454; x_wconf 59' lang='lat' dir='ltr'><strong>cop</strong></span> 
     </span>
     <span class='ocr_line' id='line_1_2' title="bbox 344 492 1325 593; baseline -0.004 -25"><span class='ocrx_word' id='word_1_7' title='bbox 344 494 406 568; x_wconf 87' lang='lat' dir='ltr'><strong>ahs</strong></span> <span class='ocrx_word' id='word_1_8' title='bbox 431 508 466 568; x_wconf 83' lang='lat' dir='ltr'><strong>te</strong></span> <span class='ocrx_word' id='word_1_9' title='bbox 490 492 633 566; x_wconf 82' lang='lat' dir='ltr'><strong>relatam</strong></span> <span class='ocrx_word' id='word_1_10' title='bbox 657 518 731 566; x_wconf 89' lang='lat' dir='ltr'><strong>esse</strong></span> <span class='ocrx_word' id='word_1_11' title='bbox 756 494 917 591; x_wconf 77' lang='lat' dir='ltr'><strong>gratiam,</strong></span> <span class='ocrx_word' id='word_1_12' title='bbox 943 508 982 565; x_wconf 91' lang='lat' dir='ltr'><strong>tu</strong></span> <span class='ocrx_word' id='word_1_13' title='bbox 999 518 1035 566; x_wconf 89' lang='lat' dir='ltr'><strong>es</strong></span> <span class='ocrx_word' id='word_1_14' title='bbox 1053 495 1208 593; x_wconf 86' lang='lat' dir='ltr'><strong>optimus</strong></span> <span class='ocrx_word' id='word_1_15' title='bbox 1226 497 1325 567; x_wconf 88' lang='lat' dir='ltr'><strong>testis.</strong></span> 
     </span>
     <span class='ocr_line' id='line_1_3' title="bbox 343 617 1325 720; baseline -0.005 -25"><span class='ocrx_word' id='word_1_16' title='bbox 343 622 474 695; x_wconf 83' lang='lat' dir='ltr'><strong>Contra</strong></span> <span class='ocrx_word' id='word_1_17' title='bbox 500 621 604 692; x_wconf 89' lang='lat' dir='ltr'><strong>ctiam</strong></span> <span class='ocrx_word' id='word_1_18' title='bbox 629 644 703 691; x_wconf 89' lang='lat' dir='ltr'><strong>esse</strong></span> <span class='ocrx_word' id='word_1_19' title='bbox 728 617 859 720; x_wconf 84' lang='lat' dir='ltr'><strong>aliquid</strong></span> <span class='ocrx_word' id='word_1_20' title='bbox 886 618 949 690; x_wconf 85' lang='lat' dir='ltr'><strong>abs</strong></span> <span class='ocrx_word' id='word_1_21' title='bbox 980 631 1017 690; x_wconf 91' lang='lat' dir='ltr'><strong>te</strong></span> <span class='ocrx_word' id='word_1_22' title='bbox 1049 619 1267 718; x_wconf 81' lang='lat' dir='ltr'><strong>profectum,</strong></span> <span class='ocrx_word' id='word_1_23' title='bbox 1289 645 1325 690; x_wconf 87' lang='lat' dir='ltr'><strong>ex</strong></span> 
     </span>
     <span class='ocr_line' id='line_1_4' title="bbox 342 743 1325 845; baseline -0.002 -27"><span class='ocrx_word' id='word_1_24' title='bbox 342 745 460 819; x_wconf 89' lang='lat' dir='ltr'><strong>multis</strong></span> <span class='ocrx_word' id='word_1_25' title='bbox 485 744 610 819; x_wconf 84' lang='lat' dir='ltr'><strong>audivi.</strong></span> <span class='ocrx_word' id='word_1_26' title='bbox 635 743 727 817; x_wconf 89' lang='lat' dir='ltr'><strong>Nam</strong></span> <span class='ocrx_word' id='word_1_27' title='bbox 750 745 991 845; x_wconf 70' lang='lat' dir='ltr'><strong>comperisset</strong></span> <span class='ocrx_word' id='word_1_28' title='bbox 1018 769 1092 842; x_wconf 79' lang='lat' dir='ltr'><strong>me,</strong></span> <span class='ocrx_word' id='word_1_29' title='bbox 1117 770 1191 818; x_wconf 91' lang='lat' dir='ltr'><strong>nou</strong></span> <span class='ocrx_word' id='word_1_30' title='bbox 1222 743 1325 817; x_wconf 88' lang='lat' dir='ltr'><strong>audeo</strong></span> 
     </span>
     <span class='ocr_line' id='line_1_5' title="bbox 345 867 1327 970; baseline -0.003 -28"><span class='ocrx_word' id='word_1_31' title='bbox 345 869 472 970; x_wconf 80' lang='lat' dir='ltr'><strong>dicere,</strong></span> <span class='ocrx_word' id='word_1_32' title='bbox 488 897 532 942; x_wconf 91' lang='lat' dir='ltr'><strong>ne</strong></span> <span class='ocrx_word' id='word_1_33' title='bbox 549 870 637 943; x_wconf 86' lang='lat' dir='ltr'><strong>forte</strong></span> <span class='ocrx_word' id='word_1_34' title='bbox 654 867 692 962; x_wconf 92' lang='lat' dir='ltr'><strong>id</strong></span> <span class='ocrx_word' id='word_1_35' title='bbox 707 869 824 969; x_wconf 92' lang='lat' dir='ltr'><strong>ipsum</strong></span> <span class='ocrx_word' id='word_1_36' title='bbox 839 867 985 942; x_wconf 89' lang='lat' dir='ltr'><strong>verbum</strong></span> <span class='ocrx_word' id='word_1_37' title='bbox 1000 895 1146 969; x_wconf 81' lang='lat' dir='ltr'><strong>ponam,</strong></span> <span class='ocrx_word' id='word_1_38' title='bbox 1164 869 1258 970; x_wconf 90' lang='lat' dir='ltr'><strong>quod</strong></span> <span class='ocrx_word' id='word_1_39' title='bbox 1274 869 1327 940; x_wconf 89' lang='lat' dir='ltr'><strong>abs</strong></span> 
     </span>
     <span class='ocr_line' id='line_1_6' title="bbox 344 991 1327 1095; baseline -0.004 -28"><span class='ocrx_word' id='word_1_40' title='bbox 344 1009 378 1067; x_wconf 85' lang='lat' dir='ltr'><strong>te</strong></span> <span class='ocrx_word' id='word_1_41' title='bbox 400 997 497 1068; x_wconf 87' lang='lat' dir='ltr'><strong>aiunt</strong></span> <span class='ocrx_word' id='word_1_42' title='bbox 513 993 600 1068; x_wconf 89' lang='lat' dir='ltr'><strong>salse</strong></span> <span class='ocrx_word' id='word_1_43' title='bbox 617 995 654 1066; x_wconf 91' lang='lat' dir='ltr'><strong>in</strong></span> <span class='ocrx_word' id='word_1_44' title='bbox 670 1020 726 1067; x_wconf 92' lang='lat' dir='ltr'><strong>me</strong></span> <span class='ocrx_word' id='word_1_45' title='bbox 743 991 853 1067; x_wconf 89' lang='lat' dir='ltr'><strong>solere</strong></span> <span class='ocrx_word' id='word_1_46' title='bbox 871 994 1018 1068; x_wconf 85' lang='lat' dir='ltr'><strong>conferri</strong></span> <span class='ocrx_word' id='word_1_47' title='bbox 1027 995 1051 1066; x_wconf 64' lang='grc' dir='ltr'><strong>Β.</strong></span> <span class='ocrx_word' id='word_1_48' title='bbox 1079 994 1149 1066; x_wconf 85' lang='lat' dir='ltr'><strong>Sed</strong></span> <span class='ocrx_word' id='word_1_49' title='bbox 1166 1021 1224 1092; x_wconf 80' lang='lat' dir='ltr'><strong>ea,</strong></span> <span class='ocrx_word' id='word_1_50' title='bbox 1249 1019 1327 1095; x_wconf 89' lang='lat' dir='ltr'><strong>quae</strong></span> 
     </span>
     <span class='ocr_line' id='line_1_7' title="bbox 344 1119 1329 1220; baseline -0.008 -25"><span class='ocrx_word' id='word_1_51' title='bbox 344 1121 391 1196; x_wconf 92' lang='lat' dir='ltr'><strong>ad</strong></span> <span class='ocrx_word' id='word_1_52' title='bbox 413 1148 470 1195; x_wconf 87' lang='lat' dir='ltr'><strong>me</strong></span> <span class='ocrx_word' id='word_1_53' title='bbox 496 1121 610 1194; x_wconf 86' lang='lat' dir='ltr'><strong>delata</strong></span> <span class='ocrx_word' id='word_1_54' title='bbox 635 1133 754 1220; x_wconf 78' lang='lat' dir='ltr'><strong>sunta,</strong></span> <span class='ocrx_word' id='word_1_55' title='bbox 778 1119 870 1193; x_wconf 91' lang='lat' dir='ltr'><strong>malo</strong></span> <span class='ocrx_word' id='word_1_56' title='bbox 902 1134 937 1192; x_wconf 84' lang='lat' dir='ltr'><strong>te</strong></span> <span class='ocrx_word' id='word_1_57' title='bbox 963 1146 1005 1191; x_wconf 88' lang='lat' dir='ltr'><strong>ex</strong></span> <span class='ocrx_word' id='word_1_58' title='bbox 1029 1120 1247 1220; x_wconf 79' lang='lat' dir='ltr'><strong>Pomponio,</strong></span> <span class='ocrx_word' id='word_1_59' title='bbox 1279 1119 1329 1191; x_wconf 91' lang='lat' dir='ltr'><strong>cui</strong></span> 
     </span>
     <span class='ocr_line' id='line_1_8' title="bbox 343 1244 1329 1347; baseline -0.004 -27"><span class='ocrx_word' id='word_1_60' title='bbox 343 1272 417 1321; x_wconf 89' lang='lat' dir='ltr'><strong>non</strong></span> <span class='ocrx_word' id='word_1_61' title='bbox 440 1249 554 1320; x_wconf 92' lang='lat' dir='ltr'><strong>minus</strong></span> <span class='ocrx_word' id='word_1_62' title='bbox 579 1245 725 1320; x_wconf 89' lang='lat' dir='ltr'><strong>molesta</strong></span> <span class='ocrx_word' id='word_1_63' title='bbox 749 1245 901 1345; x_wconf 77' lang='lat' dir='ltr'><strong>fuerunt,</strong></span> <span class='ocrx_word' id='word_1_64' title='bbox 927 1272 1031 1347; x_wconf 91' lang='lat' dir='ltr'><strong>quam</strong></span> <span class='ocrx_word' id='word_1_65' title='bbox 1049 1271 1092 1317; x_wconf 86' lang='lat' dir='ltr'><strong>ex</strong></span> <span class='ocrx_word' id='word_1_66' title='bbox 1109 1245 1194 1318; x_wconf 90' lang='lat' dir='ltr'><strong>meis</strong></span> <span class='ocrx_word' id='word_1_67' title='bbox 1212 1244 1329 1342; x_wconf 82' lang='lat' dir='ltr'><strong>literis,</strong></span> 
     </span>
     <span class='ocr_line' id='line_1_9' title="bbox 345 1369 1328 1471; baseline -0.004 -25"><span class='ocrx_word' id='word_1_68' title='bbox 345 1397 562 1470; x_wconf 84' lang='lat' dir='ltr'><strong>cognoscere.</strong></span> <span class='ocrx_word' id='word_1_69' title='bbox 588 1373 687 1445; x_wconf 88' lang='lat' dir='ltr'><strong>Meus</strong></span> <span class='ocrx_word' id='word_1_70' title='bbox 714 1372 752 1442; x_wconf 92' lang='lat' dir='ltr'><strong>in</strong></span> <span class='ocrx_word' id='word_1_71' title='bbox 784 1385 820 1443; x_wconf 92' lang='lat' dir='ltr'><strong>te</strong></span> <span class='ocrx_word' id='word_1_72' title='bbox 852 1372 1005 1468; x_wconf 81' lang='lat' dir='ltr'><strong>animus,</strong></span> <span class='ocrx_word' id='word_1_73' title='bbox 1036 1396 1141 1471; x_wconf 92' lang='lat' dir='ltr'><strong>quam</strong></span> <span class='ocrx_word' id='word_1_74' title='bbox 1173 1369 1328 1469; x_wconf 85' lang='lat' dir='ltr'><strong>singulari</strong></span> 
     </span>
     <span class='ocr_line' id='line_1_10' title="bbox 344 1494 1328 1596; baseline -0.005 -25"><span class='ocrx_word' id='word_1_75' title='bbox 344 1497 459 1571; x_wconf 88' lang='lat' dir='ltr'><strong>officio</strong></span> <span class='ocrx_word' id='word_1_76' title='bbox 492 1497 615 1596; x_wconf 77' lang='lat' dir='ltr'><strong>suerit⁷</strong></span> <span class='ocrx_word' id='word_1_77' title='bbox 653 1511 689 1570; x_wconf 91' lang='lat' dir='ltr'><strong>et</strong></span> <span class='ocrx_word' id='word_1_78' title='bbox 725 1512 865 1571; x_wconf 89' lang='lat' dir='ltr'><strong>senatus</strong></span> <span class='ocrx_word' id='word_1_79' title='bbox 903 1510 938 1569; x_wconf 92' lang='lat' dir='ltr'><strong>et</strong></span> <span class='ocrx_word' id='word_1_80' title='bbox 973 1494 1126 1596; x_wconf 89' lang='lat' dir='ltr'><strong>populus</strong></span> <span class='ocrx_word' id='word_1_81' title='bbox 1158 1497 1328 1569; x_wconf 90' lang='lat' dir='ltr'><strong>Romanus</strong></span> 
     </span>
     <span class='ocr_line' id='line_1_11' title="bbox 343 1623 1328 1724; baseline -0.004 -28"><span class='ocrx_word' id='word_1_82' title='bbox 343 1626 440 1696; x_wconf 88' lang='lat' dir='ltr'><strong>testis</strong></span> <span class='ocrx_word' id='word_1_83' title='bbox 465 1638 525 1696; x_wconf 88' lang='lat' dir='ltr'><strong>est.</strong></span> <span class='ocrx_word' id='word_1_84' title='bbox 558 1625 614 1696; x_wconf 89' lang='lat' dir='ltr'><strong>Tu</strong></span> <span class='ocrx_word' id='word_1_85' title='bbox 639 1649 745 1724; x_wconf 88' lang='lat' dir='ltr'><strong>quam</strong></span> <span class='ocrx_word' id='word_1_86' title='bbox 770 1637 886 1722; x_wconf 92' lang='lat' dir='ltr'><strong>gratus</strong></span> <span class='ocrx_word' id='word_1_87' title='bbox 919 1649 1000 1721; x_wconf 91' lang='lat' dir='ltr'><strong>erga</strong></span> <span class='ocrx_word' id='word_1_88' title='bbox 1027 1649 1083 1696; x_wconf 90' lang='lat' dir='ltr'><strong>me</strong></span> <span class='ocrx_word' id='word_1_89' title='bbox 1113 1623 1233 1722; x_wconf 81' lang='lat' dir='ltr'><strong>fueris,</strong></span> <span class='ocrx_word' id='word_1_90' title='bbox 1261 1624 1328 1722; x_wconf 91' lang='lat' dir='ltr'><strong>ipse</strong></span> 
     </span>
     <span class='ocr_line' id='line_1_12' title="bbox 343 1748 1329 1852; baseline -0.003 -30"><span class='ocrx_word' id='word_1_91' title='bbox 343 1750 536 1823; x_wconf 88' lang='lat' dir='ltr'><strong>existimare</strong></span> <span class='ocrx_word' id='word_1_92' title='bbox 566 1764 698 1850; x_wconf 79' lang='lat' dir='ltr'><strong>potes3</strong></span> <span class='ocrx_word' id='word_1_93' title='bbox 730 1764 899 1852; x_wconf 91' lang='lat' dir='ltr'><strong>quantum</strong></span> <span class='ocrx_word' id='word_1_94' title='bbox 930 1749 1016 1822; x_wconf 93' lang='lat' dir='ltr'><strong>mihi</strong></span> <span class='ocrx_word' id='word_1_95' title='bbox 1050 1749 1198 1847; x_wconf 76' lang='lat' dir='ltr'><strong>debeas,</strong></span> <span class='ocrx_word' id='word_1_96' title='bbox 1232 1748 1329 1822; x_wconf 87' lang='lat' dir='ltr'><strong>ceten&#39;</strong></span> 
     </span>
    </p>
   </div>
   <div class='ocr_carea' id='block_1_2' title="bbox 339 1875 1331 2480">
    <p class='ocr_par' dir='ltr' id='par_1_2' title="bbox 339 1875 1331 2480">
     <span class='ocr_line' id='line_1_13' title="bbox 342 1875 1331 1978; baseline -0.001 -30"><span class='ocrx_word' id='word_1_97' title='bbox 342 1877 538 1950; x_wconf 87' lang='lat' dir='ltr'><strong>existiment</strong></span> <span class='ocrx_word' id='word_1_98' title='bbox 552 1893 589 1948; x_wconf 88' lang='lat'><strong>¹⁰.</strong></span> <span class='ocrx_word' id='word_1_99' title='bbox 615 1878 692 1976; x_wconf 90' lang='lat' dir='ltr'><strong>Ego</strong></span> <span class='ocrx_word' id='word_1_100' title='bbox 719 1903 808 1978; x_wconf 89' lang='lat' dir='ltr'><strong>quae</strong></span> <span class='ocrx_word' id='word_1_101' title='bbox 832 1891 892 1950; x_wconf 90' lang='lat' dir='ltr'><strong>tua</strong></span> <span class='ocrx_word' id='word_1_102' title='bbox 919 1902 1023 1950; x_wconf 90' lang='lat' dir='ltr'><strong>causa</strong></span> <span class='ocrx_word' id='word_1_103' title='bbox 1049 1875 1252 1975; x_wconf 74' lang='lat' dir='ltr'><strong>cumulem,</strong></span> <span class='ocrx_word' id='word_1_104' title='bbox 1276 1900 1331 1948; x_wconf 87' lang='lat' dir='ltr'><strong>vo·</strong></span> 
     </span>
     <span class='ocr_line' id='line_1_14' title="bbox 340 1998 1330 2104; baseline -0.002 -30"><span class='ocrx_word' id='word_1_105' title='bbox 340 2000 474 2077; x_wconf 91' lang='lat' dir='ltr'><strong>luntate</strong></span> <span class='ocrx_word' id='word_1_106' title='bbox 491 2029 568 2076; x_wconf 91' lang='lat' dir='ltr'><strong>sum</strong></span> <span class='ocrx_word' id='word_1_107' title='bbox 588 2002 761 2076; x_wconf 87' lang='lat' dir='ltr'><strong>adductus</strong></span> <span class='ocrx_word' id='word_1_108' title='bbox 777 2019 817 2104; x_wconf 81' lang='lat'><strong>¹¹,</strong></span> <span class='ocrx_word' id='word_1_109' title='bbox 833 2017 1025 2103; x_wconf 86' lang='lat' dir='ltr'><strong>posteaque</strong></span> <span class='ocrx_word' id='word_1_110' title='bbox 1043 2003 1249 2075; x_wconf 90' lang='lat' dir='ltr'><strong>constantia.</strong></span> <span class='ocrx_word' id='word_1_111' title='bbox 1268 1998 1330 2072; x_wconf 91' lang='lat' dir='ltr'><strong>Sed</strong></span> 
     </span>
     <span class='ocr_line' id='line_1_15' title="bbox 340 2125 1330 2228; baseline -0.003 -28"><span class='ocrx_word' id='word_1_112' title='bbox 340 2125 471 2228; x_wconf 89' lang='lat' dir='ltr'><strong>reliqua</strong></span> <span class='ocrx_word' id='word_1_113' title='bbox 491 2143 533 2214; x_wconf 81' lang='lat'><strong>¹²,</strong></span> <span class='ocrx_word' id='word_1_114' title='bbox 567 2128 652 2200; x_wconf 92' lang='lat' dir='ltr'><strong>mihi</strong></span> <span class='ocrx_word' id='word_1_115' title='bbox 684 2127 808 2228; x_wconf 81' lang='lat' dir='ltr'><strong>erede,</strong></span> <span class='ocrx_word' id='word_1_116' title='bbox 838 2128 951 2202; x_wconf 88' lang='lat' dir='ltr'><strong>multo</strong></span> <span class='ocrx_word' id='word_1_117' title='bbox 983 2129 1094 2200; x_wconf 91' lang='lat' dir='ltr'><strong>maius</strong></span> <span class='ocrx_word' id='word_1_118' title='bbox 1115 2129 1144 2177; x_wconf 80' lang='lat'><strong>¹³</strong></span> <span class='ocrx_word' id='word_1_119' title='bbox 1179 2127 1330 2200; x_wconf 92' lang='lat' dir='ltr'><strong>studium</strong></span> 
     </span>
     <span class='ocr_line' id='line_1_16' title="bbox 339 2252 1331 2356; baseline -0.004 -30"><span class='ocrx_word' id='word_1_120' title='bbox 339 2275 474 2351; x_wconf 81' lang='lat' dir='ltr'><strong>meum,</strong></span> <span class='ocrx_word' id='word_1_121' title='bbox 497 2254 731 2356; x_wconf 90' lang='lat' dir='ltr'><strong>maioremque</strong></span> <span class='ocrx_word' id='word_1_122' title='bbox 758 2256 963 2353; x_wconf 83' lang='lat' dir='ltr'><strong>gravitatem</strong></span> <span class='ocrx_word' id='word_1_123' title='bbox 989 2267 1024 2326; x_wconf 87' lang='lat' dir='ltr'><strong>et</strong></span> <span class='ocrx_word' id='word_1_124' title='bbox 1055 2252 1213 2326; x_wconf 84' lang='lat' dir='ltr'><strong>laborem</strong></span> <span class='ocrx_word' id='word_1_125' title='bbox 1247 2253 1331 2325; x_wconf 90' lang='lat' dir='ltr'><strong>desi-</strong></span> 
     </span>
     <span class='ocr_line' id='line_1_17' title="bbox 342 2375 1330 2480; baseline -0.002 -31"><span class='ocrx_word' id='word_1_126' title='bbox 342 2375 474 2450; x_wconf 88' lang='lat' dir='ltr'><strong>derant</strong></span> <span class='ocrx_word' id='word_1_127' title='bbox 500 2379 599 2470; x_wconf 90' lang='lat' dir='ltr'><strong>Quae</strong></span> <span class='ocrx_word' id='word_1_128' title='bbox 616 2406 680 2479; x_wconf 90' lang='lat' dir='ltr'><strong>ego</strong></span> <span class='ocrx_word' id='word_1_129' title='bbox 698 2382 727 2454; x_wconf 93' lang='lat' dir='ltr'><strong>si</strong></span> <span class='ocrx_word' id='word_1_130' title='bbox 743 2407 817 2454; x_wconf 91' lang='lat' dir='ltr'><strong>non</strong></span> <span class='ocrx_word' id='word_1_131' title='bbox 833 2378 1043 2480; x_wconf 84' lang='lat' dir='ltr'><strong>profundere</strong></span> <span class='ocrx_word' id='word_1_132' title='bbox 1065 2377 1095 2445; x_wconf 75' lang='lat'><strong>¹4</strong></span> <span class='ocrx_word' id='word_1_133' title='bbox 1124 2405 1164 2451; x_wconf 88' lang='lat' dir='ltr'><strong>ac</strong></span> <span class='ocrx_word' id='word_1_134' title='bbox 1189 2378 1330 2478; x_wconf 91' lang='lat' dir='ltr'><strong>perdere</strong></span> 
     </span>
    </p>
   </div>
   <div class='ocr_carea' id='block_1_3' title="bbox 291 2501 1334 3738">
    <p class='ocr_par' dir='ltr' id='par_1_3' title="bbox 291 2501 1332 2984">
     <span class='ocr_line' id='line_1_18' title="bbox 340 2501 1332 2605; baseline -0.002 -30"><span class='ocrx_word' id='word_1_135' title='bbox 340 2501 503 2605; x_wconf 75' lang='lat' dir='ltr'><strong>videbor3</strong></span> <span class='ocrx_word' id='word_1_136' title='bbox 529 2505 689 2580; x_wconf 87' lang='lat' dir='ltr'><strong>omnibus</strong></span> <span class='ocrx_word' id='word_1_137' title='bbox 713 2507 801 2582; x_wconf 90' lang='lat' dir='ltr'><strong>meis</strong></span> <span class='ocrx_word' id='word_1_138' title='bbox 827 2507 958 2580; x_wconf 88' lang='lat' dir='ltr'><strong>viribus</strong></span> <span class='ocrx_word' id='word_1_139' title='bbox 983 2503 1170 2578; x_wconf 79' lang='lat' dir='ltr'><strong>sustinebo.</strong></span> <span class='ocrx_word' id='word_1_140' title='bbox 1197 2505 1263 2577; x_wconf 91' lang='lat' dir='ltr'><strong>Sin</strong></span> <span class='ocrx_word' id='word_1_141' title='bbox 1280 2529 1332 2575; x_wconf 88' lang='lat' dir='ltr'><strong>an-</strong></span> 
     </span>
     <span class='ocr_line' id='line_1_19' title="bbox 291 2631 1331 2732; baseline -0.001 -31"><span class='ocrx_word' id='word_1_142' title='bbox 291 2643 297 2646; x_wconf 84' lang='grc'><em>“</em></span> <span class='ocrx_word' id='word_1_143' title='bbox 339 2639 412 2703; x_wconf 86' lang='lat' dir='ltr'><strong>tem</strong></span> <span class='ocrx_word' id='word_1_144' title='bbox 435 2631 569 2730; x_wconf 84' lang='lat' dir='ltr'><strong>ingrata</strong></span> <span class='ocrx_word' id='word_1_145' title='bbox 588 2632 619 2686; x_wconf 80' lang='lat'><strong>¹⁵</strong></span> <span class='ocrx_word' id='word_1_146' title='bbox 643 2659 718 2706; x_wconf 90' lang='lat' dir='ltr'><strong>esse</strong></span> <span class='ocrx_word' id='word_1_147' title='bbox 743 2634 891 2706; x_wconf 91' lang='lat' dir='ltr'><strong>sentiam</strong></span> <span class='ocrx_word' id='word_1_148' title='bbox 897 2661 908 2732; x_wconf 78' lang='lat'>3</span> <span class='ocrx_word' id='word_1_149' title='bbox 933 2658 1006 2705; x_wconf 92' lang='lat' dir='ltr'><strong>non</strong></span> <span class='ocrx_word' id='word_1_150' title='bbox 1032 2631 1275 2730; x_wconf 82' lang='lat' dir='ltr'><strong>committam,</strong></span> <span class='ocrx_word' id='word_1_151' title='bbox 1296 2641 1331 2700; x_wconf 89' lang='lat' dir='ltr'><strong>ut</strong></span> 
     </span>
     <span class='ocr_line' id='line_1_20' title="bbox 339 2754 1331 2860; baseline 0 -35"><span class='ocrx_word' id='word_1_152' title='bbox 339 2754 404 2826; x_wconf 77' lang='lat' dir='ltr'><strong>tibi</strong></span> <span class='ocrx_word' id='word_1_153' title='bbox 419 2756 487 2856; x_wconf 89' lang='lat' dir='ltr'><strong>ipsi</strong></span> <span class='ocrx_word' id='word_1_154' title='bbox 501 2759 531 2809; x_wconf 81' lang='lat'><strong>¹⁶</strong></span> <span class='ocrx_word' id='word_1_155' title='bbox 547 2760 696 2834; x_wconf 88' lang='lat' dir='ltr'><strong>insanire</strong></span> <span class='ocrx_word' id='word_1_156' title='bbox 714 2759 841 2832; x_wconf 82' lang='lat' dir='ltr'><strong>uidear.</strong></span> <span class='ocrx_word' id='word_1_157' title='bbox 868 2761 939 2858; x_wconf 82' lang='lat' dir='ltr'><strong>Ea,</strong></span> <span class='ocrx_word' id='word_1_158' title='bbox 957 2783 1045 2860; x_wconf 91' lang='lat' dir='ltr'><strong>quae</strong></span> <span class='ocrx_word' id='word_1_159' title='bbox 1064 2757 1152 2855; x_wconf 77' lang='lat' dir='ltr'><strong>sint,</strong></span> <span class='ocrx_word' id='word_1_160' title='bbox 1168 2769 1205 2828; x_wconf 86' lang='lat' dir='ltr'><strong>et</strong></span> <span class='ocrx_word' id='word_1_161' title='bbox 1224 2756 1331 2856; x_wconf 86' lang='lat' dir='ltr'><strong>cuius·</strong></span> 
     </span>
     <span class='ocr_line' id='line_1_21' title="bbox 338 2881 1146 2984; baseline 0.002 -32"><span class='ocrx_word' id='word_1_162' title='bbox 338 2881 451 2981; x_wconf 81' lang='lat' dir='ltr'><strong>modi,</strong></span> <span class='ocrx_word' id='word_1_163' title='bbox 476 2886 607 2982; x_wconf 89' lang='lat' dir='ltr'><strong>poteris</strong></span> <span class='ocrx_word' id='word_1_164' title='bbox 633 2901 675 2958; x_wconf 87' lang='lat' dir='ltr'><strong>ex</strong></span> <span class='ocrx_word' id='word_1_165' title='bbox 699 2885 901 2984; x_wconf 82' lang='lat' dir='ltr'><strong>Pomponio</strong></span> <span class='ocrx_word' id='word_1_166' title='bbox 928 2909 1146 2982; x_wconf 90' lang='lat' dir='ltr'><strong>cognoscere.</strong></span> 
     </span>
    </p>

    <p class='ocr_par' dir='ltr' id='par_1_4' title="bbox 297 3005 1334 3738">
     <span class='ocr_line' id='line_1_22' title="bbox 391 3005 1332 3112; baseline 0.001 -33"><span class='ocrx_word' id='word_1_167' title='bbox 391 3033 411 3078; x_wconf 84' lang='lat'><strong>2</strong></span> <span class='ocrx_word' id='word_1_168' title='bbox 438 3007 552 3110; x_wconf 84' lang='lat' dir='ltr'><strong>Atque</strong></span> <span class='ocrx_word' id='word_1_169' title='bbox 567 3011 684 3108; x_wconf 92' lang='lat' dir='ltr'><strong>ipsum</strong></span> <span class='ocrx_word' id='word_1_170' title='bbox 701 3010 767 3082; x_wconf 85' lang='lat' dir='ltr'><strong>tibi</strong></span> <span class='ocrx_word' id='word_1_171' title='bbox 783 3012 1021 3112; x_wconf 92' lang='lat' dir='ltr'><strong>Pomponium</strong></span> <span class='ocrx_word' id='word_1_172' title='bbox 1037 3011 1087 3082; x_wconf 88' lang='lat' dir='ltr'><strong>ita</strong></span> <span class='ocrx_word' id='word_1_173' title='bbox 1103 3005 1332 3103; x_wconf 87' lang='lat' dir='ltr'><strong>commendo,</strong></span> 
     </span>
     <span class='ocr_line' id='line_1_23' title="bbox 297 3133 1331 3235; baseline 0.004 -35"><span class='ocrx_word' id='word_1_174' title='bbox 297 3156 303 3166; x_wconf 56' lang='lat'><strong>.</strong></span> <span class='ocrx_word' id='word_1_175' title='bbox 339 3143 396 3228; x_wconf 79' lang='lat' dir='ltr'><strong>ut,</strong></span> <span class='ocrx_word' id='word_1_176' title='bbox 422 3159 631 3235; x_wconf 88' lang='lat' dir='ltr'><strong>quamquam</strong></span> <span class='ocrx_word' id='word_1_177' title='bbox 662 3137 771 3235; x_wconf 88' lang='lat' dir='ltr'><strong>ipsius</strong></span> <span class='ocrx_word' id='word_1_178' title='bbox 804 3162 907 3210; x_wconf 89' lang='lat' dir='ltr'><strong>causa</strong></span> <span class='ocrx_word' id='word_1_179' title='bbox 933 3134 1073 3209; x_wconf 90' lang='lat' dir='ltr'><strong>confido</strong></span> <span class='ocrx_word' id='word_1_180' title='bbox 1099 3147 1135 3206; x_wconf 90' lang='lat' dir='ltr'><strong>te</strong></span> <span class='ocrx_word' id='word_1_181' title='bbox 1160 3133 1331 3206; x_wconf 87' lang='lat' dir='ltr'><strong>facturum</strong></span> 
     </span>
     <span class='ocr_line' id='line_1_24' title="bbox 340 3257 1334 3361; baseline 0.002 -35"><span class='ocrx_word' id='word_1_182' title='bbox 340 3281 414 3329; x_wconf 89' lang='lat' dir='ltr'><strong>esse</strong></span> <span class='ocrx_word' id='word_1_183' title='bbox 447 3260 585 3359; x_wconf 79' lang='lat' dir='ltr'><strong>omnia3</strong></span> <span class='ocrx_word' id='word_1_184' title='bbox 618 3275 733 3334; x_wconf 90' lang='lat' dir='ltr'><strong>tamen</strong></span> <span class='ocrx_word' id='word_1_185' title='bbox 766 3262 828 3336; x_wconf 93' lang='lat' dir='ltr'><strong>abs</strong></span> <span class='ocrx_word' id='word_1_186' title='bbox 866 3276 901 3335; x_wconf 90' lang='lat' dir='ltr'><strong>te</strong></span> <span class='ocrx_word' id='word_1_187' title='bbox 931 3261 999 3336; x_wconf 92' lang='lat' dir='ltr'><strong>hoc</strong></span> <span class='ocrx_word' id='word_1_188' title='bbox 1039 3276 1181 3361; x_wconf 76' lang='lat' dir='ltr'><strong>petam7</strong></span> <span class='ocrx_word' id='word_1_189' title='bbox 1213 3273 1272 3359; x_wconf 74' lang='lat' dir='ltr'><strong>ut7</strong></span> <span class='ocrx_word' id='word_1_190' title='bbox 1307 3257 1334 3329; x_wconf 91' lang='lat' dir='ltr'><strong>si</strong></span> 
     </span>
     <span class='ocr_line' id='line_1_25' title="bbox 340 3381 1334 3487; baseline 0.001 -33"><span class='ocrx_word' id='word_1_191' title='bbox 340 3381 427 3482; x_wconf 88' lang='lat' dir='ltr'><strong>quid</strong></span> <span class='ocrx_word' id='word_1_192' title='bbox 449 3384 485 3455; x_wconf 94' lang='lat' dir='ltr'><strong>in</strong></span> <span class='ocrx_word' id='word_1_193' title='bbox 511 3399 546 3458; x_wconf 91' lang='lat' dir='ltr'><strong>te</strong></span> <span class='ocrx_word' id='word_1_194' title='bbox 570 3386 699 3461; x_wconf 91' lang='lat' dir='ltr'><strong>residet</strong></span> <span class='ocrx_word' id='word_1_195' title='bbox 724 3389 851 3464; x_wconf 90' lang='lat' dir='ltr'><strong>amoris</strong></span> <span class='ocrx_word' id='word_1_196' title='bbox 878 3414 958 3487; x_wconf 88' lang='lat' dir='ltr'><strong>erga</strong></span> <span class='ocrx_word' id='word_1_197' title='bbox 989 3413 1046 3460; x_wconf 92' lang='lat' dir='ltr'><strong>me</strong></span> <span class='ocrx_word' id='word_1_198' title='bbox 1052 3443 1062 3487; x_wconf 67' lang='lat'><em>7</em></span> <span class='ocrx_word' id='word_1_199' title='bbox 1087 3386 1125 3459; x_wconf 92' lang='lat' dir='ltr'><strong>id</strong></span> <span class='ocrx_word' id='word_1_200' title='bbox 1159 3412 1266 3459; x_wconf 91' lang='lat' dir='ltr'><strong>omne</strong></span> <span class='ocrx_word' id='word_1_201' title='bbox 1298 3385 1334 3455; x_wconf 91' lang='lat' dir='ltr'><strong>in</strong></span> 
     </span>
     <span class='ocr_line' id='line_1_26' title="bbox 339 3506 1333 3612; baseline 0.003 -33"><span class='ocrx_word' id='word_1_202' title='bbox 339 3506 528 3608; x_wconf 92' lang='lat' dir='ltr'><strong>Pomponii</strong></span> <span class='ocrx_word' id='word_1_203' title='bbox 556 3515 697 3612; x_wconf 87' lang='lat' dir='ltr'><strong>negotio</strong></span> <span class='ocrx_word' id='word_1_204' title='bbox 717 3531 746 3581; x_wconf 83' lang='lat'><strong>¹7</strong></span> <span class='ocrx_word' id='word_1_205' title='bbox 773 3513 945 3589; x_wconf 87' lang='lat' dir='ltr'><strong>ostendas.</strong></span> <span class='ocrx_word' id='word_1_206' title='bbox 978 3514 1058 3588; x_wconf 91' lang='lat' dir='ltr'><strong>Hoc</strong></span> <span class='ocrx_word' id='word_1_207' title='bbox 1083 3511 1170 3586; x_wconf 90' lang='lat' dir='ltr'><strong>mihi</strong></span> <span class='ocrx_word' id='word_1_208' title='bbox 1202 3513 1333 3612; x_wconf 88' lang='lat' dir='ltr'><strong>gratius</strong></span> 
     </span>
     <span class='ocr_line' id='line_1_27' title="bbox 338 3629 819 3738; baseline 0.021 -36"><span class='ocrx_word' id='word_1_209' title='bbox 338 3629 450 3709; x_wconf 85' lang='lat' dir='ltr'><strong>lacere</strong></span> <span class='ocrx_word' id='word_1_210' title='bbox 474 3637 562 3710; x_wconf 89' lang='lat' dir='ltr'><strong>nihil</strong></span> <span class='ocrx_word' id='word_1_211' title='bbox 586 3655 696 3738; x_wconf 87' lang='lat' dir='ltr'><strong>potes.</strong></span> <span class='ocrx_word' id='word_1_212' title='bbox 722 3640 819 3715; x_wconf 89' lang='lat' dir='ltr'><strong>Vale.</strong></span> 
     </span>
    </p>
   </div>
   <div class='ocr_carea' id='block_1_4' title="bbox 0 0 1446 5002">
    <p class='ocr_par' dir='ltr' id='par_1_5' title="bbox 0 0 1446 5002">
     <span class='ocr_line' id='line_1_28' title="bbox 0 0 1446 5002; baseline 0 0"><span class='ocrx_word' id='word_1_213' title='bbox 0 0 1446 5002; x_wconf 95' lang='lat' dir='ltr'><strong> </strong></span> 
     </span>
    </p>
   </div>
  </div>
 </body>
</html>
