2882 5002
314 400 382 494 rod
667 413 838 467 urrerem
862 416 947 464 xxii.
1083 412 1165 466 nu.
1183 415 1210 462 c.
1228 413 1276 474 aaa

348 521 508 584 concordia
528 520 663 601 equitum
684 533 755 578 oum
774 525 878 580 senatu
892 514 1118 586 ase-restitum
1131 513 1152 589 4
1166 513 1203 572 de
1217 535 1306 595 prae-

349 630 445 700 sidiis,
465 647 542 710 quae
562 625 618 688 sibi
636 625 674 686 ad
694 623 863 690 retinendas
883 638 956 704 opes
969 641 1037 682 suas
1051 621 1217 700 papaver-in
1232 618 1305 679 Sda
1340 701 1342 706 ,

350 737 405 808 iis,
424 735 477 815 qui
495 753 575 794 nunc
595 730 925 819 consulatumspetituri
945 727 1012 787 sint
1355 705 1365 727 N

448 913 501 966 Ser.
513 913 617 966 Romae
628 913 663 964 d.
682 909 716 962 V.
732 909 761 961 C.
779 883 914 974 DCXGII,
933 881 1002 958 tion.
1015 886 1159 960 'Daeemba

622 1047 766 1146 arcano
789 1075 939 1174 arrico
963 1077 1024 1140 s..
1147 1121 1150 1128 ,

368 1303 380 1347 ι
410 1273 538 1370 Magna
562 1265 649 1342 mihi
673 1266 822 1342 varietas
847 1263 1057 1368 voluntatis,
1081 1263 1124 1360 fet
1157 1257 1309 1336 dissimi-¹

312 1400 425 1476 litudo
450 1397 624 1497 opinionis
649 1420 689 1466 ac
714 1391 833 1466 iudicii
858 1391 982 1483 Quinti
1005 1387 1118 1463 fratris
1142 1391 1228 1489 mei,
1249 1387 1310 1460 de-

197 1575 199 1582 <
313 1536 506 1604 monstrata
534 1533 591 1606 est
619 1543 661 1591 ex
688 1516 798 1610 literis
832 1517 918 1616 tuis,
941 1516 981 1588 iu
1012 1514 1138 1616 quibus
1171 1514 1217 1586 ad
1249 1539 1309 1586 me

315 1619 541 1752 epistolarum
569 1644 659 1718 illius
684 1642 852 1742 exempla.
866 1642 998 1716 misisti.
1032 1639 1112 1731 Qua
1140 1665 1245 1714 exre
1271 1654 1309 1711 et

315 1775 475 1850 molestia
501 1797 578 1844 sum
602 1783 700 1842 tanta
726 1768 887 1866 affectus,
913 1780 1079 1868 quautam
1102 1765 1189 1838 mihi
1210 1787 1310 1837 meus

316 1925 415 1975 amor
439 1922 593 1972 summus
619 1922 699 1993 erga
725 1905 910 1995 utrumque
931 1906 1085 1974 vestrum
1109 1891 1231 1964 afferre
1250 1891 1312 1962 de-

317 2025 417 2123 buit3
450 2037 485 2096 et
511 2021 760 2120 admiratione,
793 2019 960 2122 quidnam
985 2017 1188 2114 accidisset,
1213 2017 1313 2118 quod

316 2149 454 2224 afferret
490 2149 624 2241 Quinto
655 2147 752 2220 fratri
777 2127 855 2220 meo
889 2122 949 2218 aut
978 2143 1205 2217 offensionem
1237 2156 1315 2217 tam

277 2335 278 2340 1
314 2289 480 2374 gravem,
512 2288 572 2346 aut
604 2273 914 2348 commutationem
947 2284 1080 2343 tantam
1112 2267 1316 2342 voluntatis.

318 2402 433 2502 Atque
458 2398 545 2500 illud
570 2425 589 2470 a
614 2425 670 2472 me
694 2400 764 2471 iam
790 2411 871 2471 ante
899 2393 1169 2495 intelligebatur,
1194 2395 1316 2496 (quod

318 2539 354 2598 te
379 2505 518 2625 quoque
550 2525 668 2623 ipsum
702 2522 941 2596 discedentem
973 2519 1120 2594 anobis
1146 2521 1319 2619 suspicari

318 2651 499 2740 ridebam)
525 2649 664 2724 subesse
688 2650 807 2724 neseio
825 2647 911 2748 quid
930 2647 1105 2752 opinionis
1121 2648 1317 2722 incommo-

319 2775 400 2874 dae,
425 2777 648 2877 sauciumque
665 2777 739 2848 eius
757 2776 911 2848 animum
929 2771 1096 2846 insedisse
1114 2788 1125 2824 ¹
1145 2773 1319 2874 quasdam

318 2900 458 3000 odiosas
483 2902 714 3000 suspiciones;
739 2899 864 3000 quibus
889 2923 954 2996 ego
979 2898 1113 2972 mederi
1130 2925 1241 3000 quum
1256 2925 1319 2970 cu·
1377 2959 1386 2966 .

223 3075 226 3082 ·
317 3049 438 3124 parem
463 3034 566 3098 antea
590 3050 694 3123 saepe
711 3040 737 3125 ²,
760 3037 798 3097 et
822 3024 1063 3113 vehementius
1093 3023 1199 3096 etiam
1232 3037 1318 3122 post

318 3149 539 3224 sortitionem
562 3149 782 3249 provinciae,
812 3174 878 3221 uec
909 3162 1047 3222 tantum
1078 3147 1328 3246 intelligebam

317 3273 352 3344 ei
375 3298 450 3346 esse
478 3273 697 3374 offensionis,
730 3256 900 3376 quantum
931 3273 1051 3348 literae
1085 3287 1164 3345 tuae
1198 3272 1319 3346 decla-

318 3412 398 3509 rant
409 3398 434 3498 ³,
450 3425 516 3472 uec
532 3413 668 3490 tantum
685 3397 930 3500 proficiebam,
955 3410 1127 3499 quantum
1144 3374 1322 3472 volebam.

319 3522 391 3594 Sed
414 3536 532 3598 tamen
562 3524 632 3599 hoc
662 3551 719 3598 me
751 3526 827 3624 ipse
860 3523 1095 3624 consolabar,
1122 3522 1219 3624 quod
1244 3548 1323 3596 non

321 3646 540 3750 dubitabam,
566 3651 650 3752 quin
679 3663 714 3723 te
746 3649 804 3722 ille
837 3664 899 3722 aut
929 3648 1159 3749 Dyrrhachii,
1191 3651 1323 3722 autin
1435 3625 1436 3628 Ἴ

220 3767 221 3770 '
318 3772 392 3845 istis
416 3774 532 3848 locist
549 3777 686 3876 uspiam
710 3777 846 3851 visurus
872 3767 972 3847 esset.
998 3773 1106 3866 Quod
1131 3801 1242 3876 quum
1259 3801 1323 3848 ac-

319 3897 473 3998 cidisset,
499 3901 719 3975 confidebam
744 3927 785 3975 ac
801 3900 887 3974 mihi
913 3925 1152 4000 persuaseram
1169 3899 1258 3998 fore,
1274 3915 1321 3972 ut
