2924 5002
335 408 405 479 322
701 409 875 470 semrom
900 420 960 468 Lu.
1118 417 1195 470 m.
1215 421 1245 470 c.
1264 416 1311 486 ⁶94

333 531 479 626 liberos,
503 527 649 622 amicos,
674 521 834 621 clientes,
862 521 1026 620 libertos,
1057 545 1197 622 servos,
1228 549 1331 624 pecu-

333 658 409 729 nias
428 653 578 753 denique
595 669 674 723 suas
691 649 912 750 pollicentur.
937 647 1067 722 Nostra
1093 650 1237 750 antiqua
1261 676 1330 725 ma-

334 807 399 854 nus
431 779 607 852 bonorum
641 775 741 849 ardet
773 774 890 849 studio
923 775 1036 848 nostri
1068 752 1173 878 atque
1205 802 1328 850 amore.

334 908 371 978 Si
397 906 457 1008 qui
493 918 596 978 antea
626 917 687 976 aut
717 901 899 976 alieniores
927 901 1081 1002 fiierant,
1113 916 1174 975 aut
1202 902 1332 1002 langui-

335 1032 467 1130 diores,
491 1056 585 1102 nune
610 1029 739 1103 horum
762 1055 883 1128 regum
897 1029 927 1084 ³⁸
946 1028 1029 1138 edio
1055 1054 1092 1101 se
1119 1053 1199 1100 cum
1229 1028 1328 1104 bouis

335 1158 563 1254 coniungunt.
590 1157 783 1254 Pompeius
801 1156 918 1230 omnia
936 1154 1123 1254 pollicetur
1142 1169 1178 1228 et
1194 1157 1332 1228 Caesar:

335 1282 461 1382 quibus
487 1307 552 1378 ego
577 1281 626 1353 ita
652 1280 776 1377 credo,
800 1294 840 1354 ut
865 1273 953 1352 nihil
979 1280 1126 1353 demea
1151 1304 1332 1381 comparas

334 1409 429 1482 tione
455 1406 655 1479 deminuam
680 1408 721 1478 ³9.
748 1399 895 1481 Tribuni
921 1405 1035 1506 plebis
1061 1405 1233 1504 designati
1254 1420 1332 1478 sunt

333 1533 435 1606 nobis
462 1533 572 1607 amici.
599 1532 768 1606 Consules
794 1558 830 1604 se
856 1534 990 1632 optime
1007 1531 1206 1606 osmidunt.
1233 1533 1332 1635 Prae·

334 1672 427 1731 tores
453 1657 622 1733 habemus
655 1659 899 1757 amicissimos,
931 1673 967 1732 et
998 1658 1185 1731 acerrimos
1219 1658 1334 1753 cives,

333 1785 543 1882 Domitium,
567 1785 763 1882 Nigidium,
795 1786 1019 1885 Memmium,
1042 1783 1248 1858 Lentulum:
1274 1783 1333 1855 bo·

333 1934 399 1982 nos
425 1910 532 1982 etiam
557 1908 659 1982 alios:
692 1910 755 1984 sed
779 1911 846 1988 hos
879 1911 1078 2010 singulares.
1112 1912 1230 2004 Quare
1262 1936 1333 1981 ma-

334 2059 440 2132 gnum
465 2034 519 2106 sac
545 2035 701 2108 animum
733 2037 881 2138 habeas,
910 2051 947 2112 st
975 2064 1074 2138 spem
1105 2036 1247 2110 bonam.
1282 2037 1331 2107 De

334 2159 476 2257 singulis
502 2175 620 2234 tamen
645 2162 766 2261 rebus,
792 2191 881 2265 quae
908 2165 1065 2268 quotidie
1082 2176 1261 2261 gerantur,
1286 2162 1332 2232 sas
1433 2211 1434 2218 κ

335 2287 423 2364 eiam
450 2301 484 2359 te
510 2287 633 2368 crebro
659 2291 852 2366 certiorem.
