2886 5000
324 370 395 444 206
676 388 848 440 urrsrom
873 393 966 440 xxix.
1097 391 1128 439 s.
1148 394 1180 442 v.
1200 393 1229 440 c.
1245 393 1294 442 osa

319 511 418 595 veat,
444 507 519 568 tum
545 493 609 567 tibi
634 519 708 568 esse
735 493 995 591 diligentissime
1018 494 1173 592 linguam
1206 496 1318 567 conti-

320 621 487 695 nendam:
503 645 601 721 ⁴quae
628 618 770 720 quidem
795 620 883 693 milti
909 620 1018 694 virtus
1044 645 1118 692 non
1143 621 1317 694 interdum

321 750 435 822 minor
468 747 627 845 videtur,
660 771 767 847 quam
799 747 946 820 omnino
979 771 1052 820 non
1083 746 1195 818 irasci.
1228 745 1319 818 Nam

320 873 407 946 illud
431 899 505 946 non
529 872 642 946 solum
667 885 721 944 est
746 872 940 973 gravitatis,
966 871 1030 944 sed
1052 896 1317 972 nonnumquam

321 1001 426 1074 etiam
460 987 702 1098 lentitudinis,
733 997 908 1071 moderari
940 1024 1025 1073 vero
1056 1011 1092 1071 et
1132 997 1251 1070 animo
1285 1011 1319 1070 et

321 1125 484 1225 orationi,
509 1150 618 1226 quum
643 1125 690 1198 sis
714 1124 822 1198 iratus
829 1178 840 1224 ,
860 1138 921 1198 aut
946 1125 1050 1198 etiam
1075 1137 1191 1197 tacere
1215 1138 1253 1195 et
1269 1137 1320 1196 te-

320 1277 402 1324 nere
427 1252 465 1324 in
489 1277 551 1324 sua
577 1231 757 1351 potestate*
776 1264 913 1324 motum
938 1250 1045 1323 animi
1069 1263 1106 1321 et
1138 1247 1322 1348 dolorem,

321 1377 386 1474 etsi
410 1403 483 1450 non
508 1391 562 1450 est
587 1376 762 1476 perfectae
787 1376 996 1478 sapientiae,
1022 1390 1140 1449 tamen
1164 1389 1219 1448 est
1247 1403 1320 1448 non

320 1501 507 1575 mediocris
531 1503 670 1601 ingenii.
696 1503 812 1602 Atque
837 1504 874 1574 in
900 1501 970 1574 hoe
996 1528 1120 1600 genere
1145 1500 1258 1574 multo
1287 1516 1320 1574 tc

321 1655 396 1702 esse
436 1630 506 1701 iam
543 1626 818 1701 commodiorem
860 1629 1104 1728 mitioremque
1145 1629 1319 1699 nuntiant.

320 1753 443 1828 Nullae
475 1770 555 1827 tuae
587 1755 864 1828 vehementiores
897 1755 1002 1827 animi
1041 1753 1319 1850 concitationes,

320 1879 415 1952 nulla
439 1879 625 1953 maledicta
652 1879 697 1952 ad
720 1905 803 1980 noe,
827 1878 943 1952 nullae
976 1878 1207 1952 contumeliae
1239 1905 1321 1980 per-

320 2003 493 2078 seruntur:
520 2031 610 2107 quae
634 2032 743 2108 quum
768 2004 959 2078 abhorrent
983 2031 1003 2078 a
1028 2003 1152 2102 literis,
1179 2003 1223 2078 ab
1255 2003 1320 2076 hu-

320 2132 505 2231 manitate,
528 2146 605 2205 tum
631 2157 713 2205 vero
741 2132 913 2205 contraria
931 2145 1013 2202 sunt
1029 2130 1177 2231 imperio
1203 2157 1244 2204 ac
1273 2130 1322 2202 di-

322 2257 453 2354 gnitati.
471 2256 562 2330 Nam
574 2258 604 2330 si
615 2256 852 2358 implacabiles
869 2256 1070 2330 iracundiae
1086 2256 1166 2354 sint,
1181 2283 1321 2329 summa

322 2393 375 2453 est
400 2380 587 2481 acerbitas,
613 2384 666 2456 sin
692 2397 810 2455 autem
835 2380 1044 2478 exorabiles,
1069 2407 1204 2454 summa
1236 2379 1322 2455 levi·

321 2521 392 2605 tas,
418 2535 506 2610 quae
531 2524 650 2582 tamen
676 2509 795 2598 (utin
820 2506 937 2598 malis)
964 2507 1145 2580 acerbitati
1171 2520 1322 2608 antepo-

320 2631 439 2704 nenda
464 2647 524 2706 est.

372 2757 472 2830 XIV.
498 2757 567 2831 Sed
588 2759 754 2862 quoniam
771 2758 904 2859 primus
921 2783 1033 2831 annus
1049 2757 1173 2830 habuit
1190 2756 1234 2831 de
1253 2757 1321 2830 lrac

321 2881 591 2980 reprehensione
616 2884 806 2985 plurimum
827 2883 1013 2982 sermonis,
1038 2881 1144 2958 credo
1160 2898 1324 2983 propter-

323 3031 384 3104 ea,
416 3008 514 3108 quod
549 3009 615 3082 tibi
651 3011 835 3083 hominum
874 3009 1041 3107 iniuriae„
1079 3007 1176 3110 quod
1208 3010 1324 3082 avari·

324 3130 391 3202 tiae
410 3150 452 3229 ⁷⁷,
476 3133 573 3234 quod
596 3135 781 3208 insolentia
805 3149 945 3235 praeter
960 3134 1165 3234 opinionem
1180 3133 1326 3206 accide-

262 3271 270 3284 '
322 3251 401 3353 bat,
430 3269 466 3328 et
497 3258 723 3334 intolerabilis
756 3258 963 3358 videbatur3
995 3257 1170 3332 secundus
1204 3273 1327 3332 autem

305 3377 436 3453 *multo
461 3381 589 3483 lenior,
617 3387 713 3487 quod
738 3400 774 3459 et
806 3383 1046 3484 consuetudo,
1079 3398 1115 3456 et
1146 3384 1256 3483 ratio,
1290 3398 1327 3456 et

325 3511 381 3588 (ut
397 3531 463 3602 ego
481 3508 645 3601 arbitror)
670 3537 767 3586 meae
786 3536 925 3613 quoque
941 3509 1062 3582 literae
1079 3523 1113 3582 te
1129 3510 1324 3609 patientio-

324 3654 398 3700 rem
413 3628 650 3736 lenioremque
669 3637 838 3710 fecerunt:
866 3636 987 3708 tertius
1005 3661 1117 3707 annus
1131 3637 1162 3700 7⁸
1178 3636 1229 3708 ita
1248 3661 1326 3708 esse

325 3751 431 3828 debet
454 3760 674 3861 emendatus,
705 3776 746 3835 ut
778 3788 822 3834 ne
854 3760 1035 3832 minimam
1069 3760 1213 3862 quidem
1247 3788 1325 3834 rem

325 3880 507 3982 quisquam
532 3887 644 3985 possit
668 3886 774 3960 ullam
800 3885 1065 3985 reprehendere.
