2886 5000
334 413 406 506 246
668 427 839 480 errorom
864 432 995 486 xxxix..
1120 429 1199 482 av.
1217 435 1246 482 c.
1262 431 1312 497 694

332 534 498 638 epistolas
514 533 691 606 neminem
709 531 921 608 reddidisse!
946 533 994 606 At
1010 533 1117 633 scito,
1132 558 1214 606 eum
1237 535 1335 610 iasci-

333 659 468 762 culnm,
491 685 562 763 quo
581 659 677 733 illam
693 660 931 760 conieceram,
958 657 1104 734 domum
1121 683 1164 734 eo
1181 661 1260 760 ipso
1279 659 1334 735 die

333 787 443 862 latum
462 807 560 888 esse,
585 813 656 890 quo
682 812 747 887 ego
774 784 956 886 dederam,
981 799 1017 860 et
1043 785 1090 860 ad
1114 811 1172 859 me
1196 788 1235 860 in
1251 788 1334 860 For

333 914 489 1023 mianum
513 909 662 989 relatum
678 939 762 988 esse.
779 911 903 1014 Itaque
924 911 991 986 tihi
1009 921 1107 985 tuam
1124 910 1334 1016 epistolam²

332 1041 418 1114 iussi
441 1039 575 1139 referri3
600 1065 643 1113 ex
667 1041 741 1142 qua¹
759 1036 989 1138 intelligeres,
1013 1063 1118 1140 quam
1143 1036 1231 1110 mihi
1257 1052 1331 1110 tum

333 1166 413 1241 illae
438 1177 559 1266 gratae
582 1165 737 1240 dissent.

386 1319 407 1365 2
433 1293 565 1366 Romae
590 1290 689 1392 qnod
712 1287 835 1364 scribis
859 1289 969 1390 sileri,
993 1291 1043 1364 ita
1077 1288 1257 1389 putabam.
1291 1291 1337 1365 At

334 1416 476 1492 hercule
499 1419 537 1489 in
563 1418 653 1516 agris
682 1441 757 1490 non
788 1415 928 1489 siletur:
960 1435 1027 1490 nec
1061 1416 1132 1489 iam
1164 1415 1233 1516 ipsi
1267 1418 1339 1514 agri

334 1569 481 1644 regnum
505 1543 694 1618 vestrum³
719 1542 806 1615 ferre
830 1553 990 1642 possunt
1016 1541 1053 1612 Si
1079 1565 1164 1614 vero
1189 1541 1228 1613 iu
1246 1539 1337 1628 hanc

335 1673 495 1753 τηλέπυλον
512 1669 647 1743 veneris
664 1665 917 1769 Λαιστρυγονίην,
942 1665 1125 1756 (Formias
1148 1665 1249 1758 dico)
1281 1667 1340 1768 qui

336 1795 494 1869 fremitus
518 1791 723 1868 hominum?
750 1821 857 1898 quam
881 1793 961 1867 irati
986 1793 1113 1866 animii
1138 1807 1273 1896 quanto
1305 1793 1339 1864 in

336 1920 422 1994 odio
447 1933 567 1993 noster
592 1921 724 1994 amicus
749 1920 925 2020 Magnus?
942 1919 1040 1994 cuius
1057 1944 1255 2019 cognomen
1271 1938 1338 1992 una

337 2071 418 2117 cum
442 2047 559 2120 Crassi
581 2045 709 2120 Divitis
734 2047 947 2146 cognomine
976 2046 1195 2120 consenescit
1209 2043 1235 2116 4.
1254 2047 1335 2120 Cre-

338 2170 400 2244 das
416 2171 503 2243 mihi
520 2170 638 2271 velim3
661 2173 838 2244 neminem
855 2171 971 2245 adhuc
996 2171 1130 2245 offendi
1136 2228 1147 2271 7
1173 2173 1233 2274 qui
1249 2171 1335 2246 haec

338 2289 410 2369 tam
434 2296 547 2395 lente,
572 2324 678 2399 quam
706 2323 772 2397 ego
807 2298 902 2396 fero,
937 2298 1050 2372 ferret.
1084 2299 1220 2398 Quare,
1251 2297 1338 2370 mihi
1428 2351 1429 2358 κ

336 2422 461 2522 crede,
497 2425 715 2518 Φιλοσοφῶμεν.
747 2424 885 2497 Iuratus
919 2421 986 2496 tibi
1024 2448 1169 2524 possum
1203 2423 1316 2497 dicere
1328 2479 1338 2522 ,

336 2547 425 2622 nihil
448 2573 523 2622 csse
549 2549 675 2624 tanti⁵.
702 2551 759 2622 Tu
791 2551 822 2623 si
844 2547 963 2622 literas
992 2548 1039 2622 ad
1065 2548 1251 2649 Sicyonios
1277 2549 1336 2620 ha·

335 2671 398 2747 bes
410 2675 437 2772 ⁶,
453 2672 580 2749 advola
604 2675 641 2748 in
666 2675 915 2750 Formianum:
950 2673 1045 2748 unde
1076 2700 1142 2750 nos
1167 2701 1220 2776 pr.
1247 2675 1334 2750 Non.

336 2797 448 2873 Maias
473 2801 668 2899 cogitamus
681 2819 705 2871 ⁷.

802 3051 879 3128 XL}
1089 3093 1148 3153 (sa
1158 3093 1211 3140 no.
1224 3094 1313 3156 u,14)

336 3226 557 3318 Argumentum.
583 3251 594 3289 1
620 3227 779 3312 Significat
798 3231 930 3291 Atticum
952 3229 1008 3290 sibi
1029 3251 1171 3313 magnam
1186 3240 1332 3314 exspecta-

344 3351 348 3358 ¹
375 3332 488 3392 tionem
509 3333 674 3410 derebus,
702 3357 777 3418 quas
812 3339 888 3398 scire
912 3359 966 3396 sua
996 3339 1128 3410 intersit,
1155 3339 1331 3412 movisse32
1425 3375 1426 3391 κ

376 3437 472 3497 otium
487 3449 589 3502 autem
610 3439 648 3502 ad
667 3439 763 3502 libros
787 3440 962 3504 scribendos
988 3441 1046 3504 sibi
1072 3443 1244 3525 frequentia
1263 3443 1332 3502 For-

376 3545 564 3618 mimorum,
576 3549 606 3607 in
619 3549 725 3630 primis
746 3549 826 3608 Arrii
847 3558 878 3610 et
898 3547 1004 3610 Sebosi
1018 3545 1208 3622 assiduitate,
1222 3545 1331 3609 interci-

375 3649 421 3730 pi3
441 3659 542 3712 tamen
562 3671 593 3713 se
614 3657 704 3716 Attici
725 3653 888 3728 voluntati,
909 3664 1056 3736 quantum
1076 3655 1142 3717 fieri
1159 3657 1265 3738 possit,
1289 3671 1332 3711 sa·

375 3756 412 3812 tis
433 3733 594 3818 factuium.
