2924 5002
507 397 544 444 rr
570 395 759 446 rrrsronts
1062 381 1132 482 337

130 498 148 555 3
170 496 367 556 Germanum.
387 493 433 553 Ob
447 493 564 558 dietum.
579 499 656 560 Rem
669 501 787 559 minuit.
802 497 945 562 Pluribus
957 505 1035 565 enim
1049 505 1134 566 Cice'-

170 625 277 665 ronem
300 606 330 664 in
352 614 456 663 senatu
478 615 670 666 accusaverat
690 605 845 681 Metellum
871 607 930 666 Dio
952 608 1133 683 XXXVIII,

173 734 197 771 c.
219 712 267 786 42.

128 819 231 896 dZel.
257 815 436 888 A.,Scae1s.
463 825 492 874 et
519 815 606 876 Amb.
632 815 668 876 15
692 817 817 877 debebat
844 830 940 878 tanum
969 821 1015 879 vel
1030 821 1074 903 fi,
1099 834 1133 883 ut

169 947 218 1008 ep.
238 923 330 994 XIV,
355 944 385 993 1,
406 932 492 992 extu,
515 932 545 982 et
565 923 660 996 XIV,
679 925 715 999 4,
735 923 813 986 med.

128 1033 148 1092 5
171 1030 243 1098 Vid.
261 1049 318 1111 pro
340 1028 427 1087 Rosc.
449 1028 514 1088 Am.
536 1027 564 1088 6.
571 1073 582 1101 ,
602 1039 632 1088 et
642 1028 721 1090 Phil.
735 1030 820 1102 VIII,
841 1031 869 1106 4.
883 1064 922 1078 -
939 1032 1073 1093 Velleius
1088 1035 1133 1106 II,
1181 1095 1184 1102 ,

169 1158 224 1219 ¹11:
255 1161 272 1192 n
285 1136 328 1196 Vt
353 1134 445 1218 paulo
474 1145 542 1194 ante
568 1136 733 1207 Domitiae,
760 1139 802 1196 ita
827 1137 971 1198 Caeciliae
1000 1140 1133 1199 notanda

173 1272 189 1300 n
212 1241 359 1304 claritudo
373 1251 431 1312 est,
446 1243 559 1322 quippe
574 1244 652 1301 intra
663 1239 722 1302 XII
737 1241 830 1304 ferme
844 1263 937 1304 annos
951 1243 1042 1304 huius
1056 1256 1131 1304 tem-

172 1377 189 1406 o
211 1351 293 1432 poris
314 1347 448 1410 consules
462 1347 547 1408 suere
567 1347 694 1419 Metelli,
714 1359 767 1406 aut
781 1369 934 1422 censores,
956 1361 1009 1410 sut
1022 1353 1132 1410 trium-

174 1483 191 1511 «
212 1455 346 1538 pharunt
359 1454 488 1536 simplius
502 1454 568 1513 XII.
580 1479 598 1508 υ
613 1453 688 1512 Eius
702 1453 886 1514 claritudinis
900 1466 1132 1518 monumentum

172 1561 274 1622 adhuc
294 1570 388 1622 exstet
408 1563 456 1620 via
478 1561 576 1640 Appia
601 1579 698 1642 prope
721 1559 828 1620 urbem
857 1561 1003 1633 Romam,
1031 1561 1131 1644 sepul-

171 1668 281 1728 chrum
300 1687 409 1748 nempe
430 1669 620 1747 inscriptum:
643 1666 799 1729 Csscursn
818 1667 856 1746 Q.
871 1667 990 1728 Cnrrrcr
1012 1669 1047 1727 F.
1069 1669 1132 1728 Mu-

174 1795 280 1843 rsense
301 1774 411 1834 Cnsssr.

131 1883 152 1941 6
175 1883 221 1941 Te
242 1879 303 1940 scil.
325 1891 355 1940 et
376 1883 542 1962 optimates.

133 2011 151 2067 7
174 1987 337 2074 Eleganter
357 2007 415 2068 pro
435 2007 514 2046 more
534 1989 692 2063 marorum
712 2007 782 2069 pers
802 1978 977 2070 disciplinae
990 1986 1132 2069 pulcher-

173 2096 272 2164 rima,
292 2095 322 2152 in
350 2092 565 2154 offensionibus
593 2097 759 2155 amicorum
789 2095 887 2154 lenem
910 2115 991 2166 esse,
1011 2094 1132 2165 tardum
1194 2087 1197 2098 ’

138 2193 142 2202 ’
173 2199 213 2260 ad
235 2198 397 2293 vindictum
418 2199 491 2260 Em.
519 2198 700 2260 Gebhardus
720 2211 751 2263 et
775 2201 884 2260 Greev.
913 2203 1055 2260 maiorum
1083 2221 1134 2259 nc-

171 2320 265 2366 strum
274 2351 285 2379 ,
320 2306 401 2386 quod
433 2317 512 2366 recte
546 2307 716 2389 repudiavit
748 2306 923 2380 Emestius;
950 2315 1053 2364 natum
1089 2289 1134 2365 est

172 2415 253 2473 enim
274 2433 291 2474 e
313 2411 491 2494 compendio
513 2415 676 2494 scripturae
697 2433 775 2485 nrm,
796 2412 844 2472 vel
873 2422 943 2472 sunt
970 2411 1072 2472 sordes
1098 2411 1133 2470 li-

173 2519 313 2580 brorum.
335 2519 415 2578 Tum
437 2519 481 2578 ed.
503 2519 732 2580 Mediolanensis
753 2521 894 2580 maionem
920 2531 1084 2578 nostrornm
1108 2537 1133 2574 e.

174 2625 391 2686 administratis.

134 2733 154 2792 8
176 2730 285 2792 Ambb.
307 2741 337 2790 et
358 2730 429 2792 Zell.
450 2741 480 2792 et
506 2731 629 2812 plurimi
657 2732 738 2814 apud
752 2731 869 2791 seheri.
891 2730 979 2790 etiam
996 2750 1032 2788 m.
1047 2727 1134 2788 Vnus

175 2837 263 2898 Amb.
290 2835 325 2897 15
347 2850 373 2897 te
393 2838 499 2898 mobili.
520 2838 577 2898 Ed.
600 2839 729 2920 Hervng.
756 2837 795 2898 Te
818 2851 877 2898 tam
897 2859 933 2896 m.
956 2834 1135 2896 Benedictus

87 2916 94 2939 ⁸
176 2958 203 3004 o
222 2947 310 3006 erum
330 2945 435 3004 mosis.
663 2947 666 2956 ¹

594 3160 677 3220 XIV.

140 3395 149 3432 1
174 3373 339 3444 Nimirum,
361 3393 455 3454 quum
476 3383 552 3434 esset
565 3384 686 3454 praetor
701 3371 848 3444 urbanus,
870 3390 949 3430 anno
968 3388 1065 3450 super.
1088 3365 1136 3424 De

177 3501 244 3539 mea
264 3478 373 3551 laude,
393 3480 430 3540 de
457 3482 661 3542 coniuratione
678 3478 837 3540 ·Cotilinae
862 3499 880 3540 a
907 3476 1050 3536 Cicerone
1064 3470 1130 3530 de-

176 3595 264 3646 tecta.

137 3711 153 3750 2
174 3691 254 3752 Male
274 3693 403 3775 Ant.)
424 3692 621 3776 disparatum,
644 3706 674 3755 et
692 3693 728 3754 15
747 3691 938 3774 dispartitum.
959 3686 1067 3748 Paullo
1084 3686 1136 3740 in*

175 3801 222 3858 fra
243 3797 312 3859 Rec.
331 3801 482 3880 praeclari
490 3801 644 3884 facinoris.
659 3804 795 3862 'Societas
815 3797 940 3858 muneris
961 3795 1018 3852 fuit
1035 3792 1066 3848 in
1080 3808 1136 3870 op-

176 3905 334 3984 primenda
355 3909 560 3970 coniuratione
582 3909 776 3982 Catilinoriep
792 3905 972 3988 dispertitum
992 3895 1139 3978 (plinium,

180 4030 289 4092 Crem.
311 4029 358 4092 II.
382 4063 422 4079 ·-
445 4033 519 4095 Len.
547 4033 583 4095 T.
606 4033 632 4096 I.
981 4041 1018 4082 nn
1051 4007 1053 4012 ⁵
