2886 5000
317 376 389 452 228
649 387 817 443 errarem
842 393 966 446 xxxrrr.
1090 393 1120 443 s.
1137 395 1171 444 v.
1188 395 1217 444 c.
1234 391 1285 460 ⁶94

315 498 413 571 cuius
438 492 633 573 tribunatus
658 493 705 568 ad
734 496 880 569 istorum
912 508 1070 595 tempora
1103 513 1310 573 reservatur.

314 621 468 696 Incende
483 617 831 720 hominem‚'‘ainabo
848 634 900 720 te,
925 619 1021 724 quod
1037 635 1156 722 potest
1170 639 1210 694 ¹¹.
1227 623 1309 698 Vna

313 773 394 852 spes
430 762 484 821 est
515 746 656 848 salutis,
687 746 837 823 istorum
865 748 958 821 inter
987 748 1084 848 ipsos
1117 747 1311 849 dissensi03

314 876 412 949 cuius
438 899 503 974 ego
528 872 700 976 quaedam
728 874 825 947 initia
858 874 951 947 sensi
975 899 1017 946 ex
1046 875 1211 976 Curione„
1233 876 1311 950 Iam

312 1025 397 1075 vero
420 1001 540 1080 Arrius
566 997 784 1074 consulatum
808 997 873 1074 sihi
898 1013 1058 1100 ereptum
1082 999 1207 1076 fremit.
1235 1001 1312 1074 Me-

312 1104 510 1226 gabocchus
530 1141 559 1182 ¹²
583 1125 729 1202 ethaeo
754 1127 1158 1226 sangmnariaiuventus
1189 1127 1309 1199 inimi·

311 1253 449 1326 cissima
465 1265 526 1326 est.
552 1252 707 1330 Accedat
731 1278 834 1353 vero,
858 1251 1004 1326 accedat
1021 1253 1127 1325 etiam
1146 1253 1214 1326 ista
1235 1255 1310 1326 rixa

311 1391 505 1476 auguratus.
546 1377 656 1482 Spero
694 1403 752 1452 me
783 1377 978 1479 praeclaras
1009 1375 1054 1451 de
1090 1377 1166 1452 istis
1203 1365 1312 1452 rebus

237 1535 241 1546 ¹
311 1483 475 1605 epistolas
500 1503 547 1578 ad
570 1517 606 1580 te
631 1530 735 1605 saepe
759 1505 953 1580 missurum.
987 1501 1074 1602 Sed,
1106 1501 1194 1588 illud
1224 1503 1311 1604 quid

310 1631 372 1732 sit,
396 1630 485 1710 seire
510 1630 629 1730 cupio,
654 1628 751 1732 quod
775 1630 859 1704 iacis
884 1629 1031 1703 obscure
1046 1631 1088 1731 ¹³,
1104 1629 1174 1703 iam
1200 1630 1309 1738 etiam

309 1779 354 1832 ex
378 1755 463 1856 ipsis
489 1757 641 1857 quinque
669 1755 753 1830 viris
785 1753 883 1856 loqui
915 1753 1095 1858 quosdam.
1128 1752 1311 1847 Quidnam

309 1877 349 1954 id
373 1879 447 1957 est?
472 1879 509 1954 si
535 1894 589 1956 est
613 1881 706 1954 enim
732 1878 986 1988 aliquidpplus
1011 1892 1065 1953 est
1082 1877 1185 1979 boni,
1204 1906 1313 1981 quam
1433 1925 1434 1952 ³

255 2024 257 2028 ·
308 2018 479 2104 putaram.
505 2007 621 2107 Atque
644 2001 732 2078 haec
753 2005 803 2078 sic
819 2004 926 2080 velim
942 2006 1133 2105 existimes,
1156 2029 1230 2078 non
1247 2031 1309 2078 me

309 2129 373 2202 abs
398 2142 434 2202 te
458 2133 535 2200 κατὰ
551 2135 584 2202 το·
600 2133 760 2228 πρακτικόν
777 2155 962 2232 quaerere3
978 2129 1076 2230 quod
1092 2130 1218 2229 gestiat
1235 2131 1316 2202 ani·

308 2279 387 2332 mus
413 2253 545 2360 aliquid
569 2281 670 2355 ogere
693 2255 732 2328 in
756 2279 794 2329 re
821 2254 972 2356 publica.
998 2254 1231 2356 Iampridem
1247 2279 1317 2353 gu·

308 2377 454 2458 bernare
478 2406 536 2454 me
559 2379 743 2482 taedebat,
757 2381 876 2464 wetiam
901 2405 1009 2481 quum
1038 2377 1176 2460 licebat.
1205 2377 1316 2453 Nune

308 2530 393 2583 vero
418 2531 526 2611 quum
551 2531 656 2606 cogar
672 2507 765 2580 exire
784 2503 830 2585 de
855 2507 956 2605 navi,
978 2530 1053 2578 non
1070 2503 1227 2604 abiectis,
1246 2503 1317 2578 sed

307 2631 435 2729 creptis
458 2629 771 2730 'gubemaculis143
806 2629 911 2731 cupio
947 2632 1098 2708 istorum
1130 2628 1318 2728 naufragia

216 2757 219 2762 “
307 2780 350 2826 ex
375 2769 466 2832 terra
490 2757 633 2861 intueri5
658 2757 778 2864 cupio,
810 2770 852 2834 ut
884 2755 933 2838 ait
964 2769 1045 2836 tuus
1078 2753 1228 2838 anticus·
1244 2755 1317 2834 So·

307 2878 471 2983 phocles,

675 2989 733 3072 κᾷν
757 2983 815 3052 ὑπὸ
838 2987 929 3080 στέγῃ

404 3116 516 3185 πυκναῖς
540 3111 657 3179 horico
681 3107 819 3201 ψεκάδος
832 3107 962 3200 strator
990 3109 1075 3202 φρενὶ

350 3251 379 3340 Ι3
405 3253 459 3333 De
483 3281 599 3360 muro,
625 3255 710 3366 quid
735 3281 826 3360 opus
861 3257 923 3356 sit,
948 3253 1092 3332 videbis.
1125 3255 1321 3334 Castricia-

304 3403 391 3454 num
407 3381 574 3460 mendum
590 3408 657 3460 nos
675 3383 902 3482 corrigemus:
919 3396 1038 3460 tumen
1054 3378 1102 3458 ad
1117 3406 1174 3459 me
1191 3383 1320 3474 Quin-

306 3515 363 3576 tus
387 3518 484 3592 [uto]
509 3533 606 3586 coroa
633 3535 687 3586 roo
702 3510 733 3564 ¹⁵
751 3509 953 3608 scripserat,
976 3533 1071 3586 nuuc
1086 3507 1133 3586 ed
1148 3533 1318 3586 sororem

306 3640 403 3702 tuam
427 3631 499 3705 Hs
524 3633 792 3712 xxc-Terentia
817 3631 883 3706 tibi
900 3631 1047 3707 salutem
1066 3632 1160 3708 dicit.
1178 3633 1318 3734 Cicero

305 3751 369 3829 tibi
393 3756 554 3856 mandat,
578 3772 619 3832 ut
643 3757 868 3834 Aristodemo
892 3757 987 3831 idem
1012 3734 1069 3830 de
1088 3783 1126 3830 se
1156 3783 1320 3859 respon·

304 3877 405 3982 deas,
429 3882 526 3990 quod
550 3882 595 3962 de
619 3881 726 3962 ftatre
750 3909 815 3959 suo
834 3885 876 3984 ¹⁶,
900 3883 1031 3964 sororis
1045 3897 1127 3960 tuae
1143 3881 1231 3982 filio,
1252 3911 1319 3959 re·
