2932 5000
338 375 410 481 370
701 399 971 452 luuorsrrours

340 503 376 566 16
395 504 565 573 Nimirum,
593 486 790 563 cossinum.
809 502 889 564 ,Edd.
915 518 961 584 pr.
989 509 1090 562 tamen
1117 497 1191 582 quid
1209 502 1271 562 en't.
1297 497 1339 562 Et

375 609 468 692 paulo
489 628 580 690 supra
600 607 647 670 ed.
668 607 759 670 Herv.
781 609 864 669 nihili
881 620 939 680 est,
959 607 1043 688 quod
1062 604 1171 692 probo.

341 735 375 796 ¹7
397 715 446 774 Sic
466 713 537 774 libri
556 713 680 795 Malasp.
702 724 732 776 et
752 714 817 776 cod.
840 713 965 776 Helmst.
987 713 1070 796 apud
1091 713 1219 785 Graes„
1240 722 1271 773 et
1289 733 1338 774 re·

378 822 458 903 cepit
477 819 552 881 Ern.
574 820 630 881 Alii
652 841 679 882 n.
697 833 785 901 putes
805 843 898 904 ...pn

342 925 379 988 18
399 926 482 988 Haec
501 929 586 987 uncis
606 927 726 988 inclusit
744 929 862 1010 primus
875 927 1040 988 Ernestius.
1057 924 1154 1000 Rene3
1175 933 1245 986 sunt
1258 928 1339 986 enim
1449 979 1450 988 ,

377 1032 526 1094 inculcata
547 1053 565 1092 a
585 1032 805 1116 superioribus,
827 1044 859 1094 et
878 1033 954 1096 illud
974 1034 1152 1116 praesertim
1177 1043 1209 1092 ut
1233 1033 1341 1112 opinor

377 1141 475 1221 friget.
496 1138 608 1204 Schlitz
629 1141 754 1201 omnino
776 1140 896 1203 delevit.

343 1265 380 1328 ¹9
399 1247 471 1323 Quo
491 1245 539 1306 die
559 1247 741 1329 supplicium
762 1247 800 1309 de
820 1249 983 1310 coniuratis
1005 1245 1188 1308 Catilinariis
1203 1244 1343 1325 sumpsit.

378 1351 518 1412 Iunctum
537 1351 644 1414 irrvr'dia
664 1354 786 1424 melius,
806 1373 899 1434 quam
912 1353 1043 1416 iurrctom
1054 1349 1197 1423 invidus,
1217 1359 1254 1412 ut
1267 1347 1341 1410 libb.

380 1457 496 1539 aliquot
516 1469 586 1520 ante
606 1458 692 1520 Grut.
714 1458 837 1520 habent.
1254 1453 1259 1460 ’

342 1583 382 1625 no
402 1563 484 1624 Alias
504 1585 539 1624 ex
560 1563 632 1625 libb.
653 1567 838 1628 correximus
857 1563 977 1646 druge

343 1687 377 1726 21
402 1670 449 1727 An
469 1690 531 1728 esse
548 1673 668 1750 posset?
707 1706 710 1714 .

343 1793 381 1836 aa
402 1773 452 1834 Sic
471 1774 576 1856 legunt
596 1777 703 1849 Aldus,
727 1775 822 1840 Herv.
850 1777 976 1856 (omissa
1001 1784 1104 1834 tamen
1125 1791 1199 1834 voce
1229 1771 1287 1851 his)
1316 1783 1347 1832 et

383 1878 501 1940 Schlitz.
523 1882 677 1944 Victorius
698 1884 760 1943 sine
775 1903 876 1954 sensu,
896 1893 985 1964 atque
998 1882 1041 1942 ito
1058 1881 1173 1942 canens·
1183 1879 1218 1939 iis
1230 1898 1279 1952 rc,
1297 1877 1347 1937 vel
1449 1855 1450 1886 i

383 1984 484 2046 adhuc
497 1991 682 2070 corruptius,
702 2002 790 2070 atque
810 1991 852 2050 ito
871 2008 966 2050 amm
986 1988 1013 2049 si
1029 1988 1064 2048 iis
1084 2008 1112 2048 n.
1132 2005 1161 2047 a.
1182 1984 1254 2046 Mox
1274 1983 1348 2065 Epi-

382 2091 518 2152 charmus
538 2095 597 2154 iam
618 2093 757 2155 Manutio
782 2105 954 2178 suspectum
986 2091 1144 2154 Schtitzius
1164 2092 1259 2153 eiecit.
1286 2089 1347 2150 Nos

383 2207 486 2258 tamm
505 2218 567 2260 non
588 2199 721 2262 offendit

346 2303 534 2385 23-Propria
553 2306 625 2368 huic
647 2311 689 2368 rei
710 2308 824 2370 locutio
845 2317 889 2369 est
908 2305 1011 2368 adesse
1031 2303 1198 2376 scribendo,
1219 2312 1254 2367 ut
1267 2301 1348 2364 ride-

386 2419 457 2470 runt
478 2411 585 2474 Lamb.
606 2421 636 2474 et
652 2414 738 2490 Vrs.;
758 2413 818 2476 rid.
840 2435 887 2498 ep.
909 2411 1138 2482 CCLXXXW,
1158 2411 1188 2488 4.
1208 2409 1349 2469 Attamen
1449 2441 1450 2462 r

329 2533 331 2537 ·
384 2525 415 2576 et
434 2515 494 2576 hoc
514 2530 694 2600 usurpatum
715 2520 788 2582 alias
802 2541 821 2582 a
834 2521 980 2582 Cicerone
993 2526 1140 2594 notarunt
1153 2515 1307 2577 Corradus
1320 2524 1348 2575 et

384 2621 459 2682 Ern.
474 2637 674 2704 provocantes
691 2627 730 2687 nd
750 2648 818 2710 epp.
840 2625 1045 2698 CDLXXIlI,
1067 2633 1097 2685 et
1116 2610 1302 2694 DCCCVH,
1323 2641 1348 2680 2.

384 2728 443 2790 Ed.
466 2730 557 2793 Herv.
577 2753 638 2793 esse
657 2737 833 2816 ascriptum
852 2732 938 2794 bene.

348 2835 388 2910 24
409 2819 494 2908 scit,
520 2847 554 2898 ut
575 2840 711 2913 videtur,
737 2862 776 2902 ne
802 2842 824 2900 ii
847 2843 876 2900 vi
896 2838 1034 2922 publica,
1061 2839 1093 2898 in
1114 2834 1206 2895 rebus
1226 2833 1349 2917 privatis

388 2953 585 3021 cogerentur3
605 2957 639 3006 ut
665 2946 787 3028 colliges
807 2966 841 3006 ex
870 2967 953 3027 seqq.
973 2946 1000 3004 si
1024 2945 1081 3004 tuis
1106 2939 1272 3012 blanditiis,
1299 2949 1348 3000 etc.

267 3065 270 3072 ⁴
389 3044 461 3108 Em.
482 3048 563 3110 Turn
583 3071 641 3133 pro
662 3066 690 3112 et
709 3053 751 3112 ito
761 3051 881 3134 factum
901 3052 983 3112 idem
1003 3049 1077 3110 Em.
1098 3045 1223 3108 volebat
1242 3058 1272 3106 et
1286 3043 1350 3125 ids

350 3150 389 3211 25
407 3152 521 3234 Nempe
540 3168 731 3233 senatorum
753 3159 863 3239 quibus
884 3157 1101 3221 deliberaretur
1123 3154 1160 3214 de
1181 3151 1236 3214 illo
1258 3151 1349 3220 scio,

389 3258 414 3314 si
434 3271 535 3338 posset
556 3260 679 3326 aboleri.
702 3265 776 3326 Ern.
1333 3317 1337 3324 .

351 3357 390 3424 26
409 3361 488 3422 Edd.
509 3376 578 3426 ante
597 3368 749 3430 Faiirnum
768 3381 798 3432 et
812 3371 927 3435 Victor.
948 3369 1093 3440 obsoleto,
1115 3365 1199 3448 quod
1211 3364 1350 3426 Ernestio

369 3524 374 3541 1
390 3465 537 3552 placebat
558 3471 735 3554 Dispersisse
747 3486 791 3538 est
803 3495 860 3560 pro
874 3475 1065 3558 adspersisse,
1084 3483 1120 3533 ut
1136 3481 1283 3532 notarunt
1296 3472 1352 3529 iam

391 3576 449 3633 viri
470 3574 564 3650 docti,
584 3578 643 3642 hoc
664 3593 722 3656 est,
744 3582 944 3645 admiscuisse.
967 3582 1136 3662 Hcrvagius
1156 3599 1221 3640 non
1240 3576 1278 3638 de
1297 3576 1353 3636 suis
1447 3593 1448 3622 r

391 3679 514 3742 innuis
534 3684 619 3768 legit,
640 3689 693 3751 sed
711 3689 750 3750 dc
769 3692 818 3750 sui
835 3691 962 3771 collegae
983 3688 1133 3762 runnu,

354 3803 390 3863 27
412 3786 499 3847 llmb.
526 3810 558 3869 ¹7
581 3793 801 3869 intermittatur,
822 3796 905 3878 quod
926 3815 988 3856 non
1007 3793 1114 3876 placet.

356 3889 393 3950 28
415 3892 506 3969 Quod
527 3904 727 3980 praestantius
749 3908 803 3978 sit;
825 3905 1031 3988 comparativo
1053 3898 1204 3970 adhibito,
1223 3916 1279 3980 pro
1299 3914 1355 3978 po·
