2924 5002
251 461 254 468 Ι
317 367 389 441 306
687 383 857 435 tererent
883 386 944 432 tn.
1098 377 1178 426 nv.
1195 379 1223 424 c.
1241 375 1288 442 ⁶94

316 491 412 593 apud
437 503 473 564 te
505 513 626 590 posse,
657 514 762 590 quam
796 487 948 587 gravitas
972 484 1063 558 illius
1097 485 1253 557 aetatis⁵
1277 499 1309 557 et

315 617 452 717 imperii
477 615 665 717 prudentia
688 611 900 716 postularet,
927 621 1055 714 (quam
1075 610 1205 682 multos
1223 610 1311 684 enim

314 767 453 817 mecum
470 744 578 841 egisse
602 755 725 851 putas,
750 755 791 814 ut
815 767 852 814 se
878 740 990 813 Statio
1010 733 1313 812 commendarem?

315 881 421 969 quarn
445 867 556 941 multa
580 883 697 968 autern
721 869 838 968 ipsum
863 871 979 950 ἀφελῶς
1005 891 1144 939 mecum
1173 865 1213 935 in
1246 889 1314 936 ser-

313 1019 419 1068 mone
443 996 493 1068 ita
524 994 749 1095 protulisscl)
777 993 815 1066 id
840 991 927 1064 mihi
951 1017 1025 1065 non
1057 989 1206 1090 placuit:
1239 1015 1313 1060 mo-

313 1122 373 1192 nui
384 1176 394 1219 ,
432 1122 544 1220 suasi,
578 1121 738 1195 deterrui.
771 1119 908 1212 Quibus
941 1119 979 1192 in
1011 1117 1114 1192 rebus
1148 1118 1257 1190 etiam
1288 1114 1318 1186 si

192 1235 194 1246 ¹
314 1223 462 1319 fidelitas
480 1271 614 1320 summa
632 1261 699 1347 est,
717 1246 832 1348 (quod
849 1271 992 1346 prorsus
1011 1242 1132 1342 credo,
1151 1242 1317 1342 quoniam

314 1385 352 1444 tu
378 1372 427 1444 ita
452 1372 621 1473 iudicas,)
650 1388 769 1448 tamen
802 1374 936 1474 species
968 1373 1047 1472 ipsa
1078 1383 1152 1442 tam
1178 1365 1318 1466 gratiosi

313 1494 446 1598 liberti,
472 1513 533 1572 aut
557 1501 665 1599 servi,
692 1499 897 1599 dignitatem
922 1497 1052 1571 habere
1077 1493 1211 1570 nnllam
1238 1505 1316 1594 pot·

314 1636 374 1694 est.
400 1625 516 1726 Atque
534 1623 603 1698 hoc
628 1626 678 1699 sic
695 1625 843 1725 habete,
870 1622 976 1713 (nihil
993 1624 1088 1697 euim
1103 1648 1169 1694 nec
1187 1635 1316 1696 temere

314 1746 447 1848 dicere,
472 1776 538 1823 nec
564 1766 678 1825 astute
702 1754 848 1825 reticere
877 1749 1007 1840 debeo)
1033 1750 1215 1822 materiam
1244 1775 1318 1824 om-

312 1896 395 1945 nem
421 1901 621 1949 sermonum
647 1904 785 1979 eorum,
811 1871 870 1980 qui
899 1877 942 1950 de
969 1891 1004 1950 te
1036 1873 1219 1948 detrahere
1248 1873 1318 1948 vel·

313 1997 387 2070 lent
403 2001 429 2100 ⁶,
455 2001 606 2074 Statium
632 2003 787 2104 dedisse,
812 2017 848 2076 et
874 2018 978 2077 antea
1006 2014 1146 2075 tantum
1174 1999 1320 2098 intelligi

312 2127 487 2226 potuisse,
503 2129 611 2202 iratos
629 2143 709 2203 tuae
728 2132 906 2204 severitati
923 2156 997 2203 esse
1017 2126 1226 2226 nonnullos3
1253 2127 1318 2199 hoc

312 2253 545 2353 manumisso,
562 2255 678 2354 iratis,
694 2256 792 2357 quod
807 2255 1051 2357 loquerentur,
1067 2279 1142 2326 non
1160 2252 1320 2327 defuisse.

362 2377 405 2448 ΙΙ.
434 2405 454 2454 2
481 2380 584 2453 Nunc
612 2381 836 2480 respondebo
867 2381 998 2458 adeas
1025 2379 1208 2482 epistolas,
1237 2359 1322 2482 quas

311 2502 397 2574 mihi
414 2503 568 2578 reddidit
583 2509 622 2580 L.
643 2509 803 2608 Caesius,
822 2509 915 2608 (cui,
933 2508 1102 2610 quoniam
1115 2508 1165 2580 ita
1182 2519 1219 2578 te
1232 2504 1320 2580 velle

311 2626 487 2732 intelligo,
513 2632 609 2708 nullo
635 2631 715 2710 loco
743 2635 886 2735 deero,)
914 2660 1062 2736 quarum
1080 2630 1189 2706 altera
1206 2646 1262 2706 est
1279 2631 1321 2703 de

310 2755 504 2832 Blandenio
531 2759 701 2860 Zeuxide,
727 2787 831 2863 quem
858 2759 980 2833 scribis
998 2759 1234 2832 certissimum
1250 2782 1322 2830 ma·

310 2882 473 2956 tricidam
499 2885 563 2958 tibi
589 2913 609 2960 a
634 2911 690 2960 me
717 2887 841 2960 intime
874 2883 1124 2959 commendari.
1159 2886 1244 2976 Qua
1277 2881 1320 2956 de

309 3033 365 3105 re,
391 3021 427 3082 et
452 3009 496 3082 de
521 3011 592 3084 hoc
619 3038 744 3111 genere
770 3025 868 3112 toto,
893 3036 939 3083 ne
964 3011 1054 3085 sorte
1079 3010 1192 3082 mein
1210 3011 1322 3100 Grac·

311 3157 372 3203 cos
397 3147 471 3206 tam
495 3137 721 3212 ambitiosum
745 3139 877 3212 factum
901 3162 977 3210 esse
993 3155 1009 3242 t
1035 3137 1179 3236 mirere,
1203 3158 1321 3236 pauca

308 3281 493 3371 cognosce.
515 3264 594 3362 Ego
611 3285 720 3366 iprum
738 3267 957 3340 Graecorum
975 3256 1154 3365 quaerelas
1172 3263 1323 3336 nimium

311 3381 426 3455 valere
452 3389 635 3490 sentirem,
659 3403 808 3492 propter
832 3390 1017 3465 hominum
1034 3389 1177 3488 ingenia
1194 3389 1242 3462 ad
1258 3387 1322 3462 fal-

309 3505 454 3583 lendum
478 3531 883 3622 paratasquoscumque
910 3515 954 3591 de
982 3531 1018 3590 te
1050 3519 1148 3621 qued
1178 3517 1322 3610 audivi,

311 3661 530 3744 quacumque
555 3646 657 3744 potui
681 3647 816 3719 ratione
833 3643 981 3747 placavi.
1007 3645 1165 3718 Primum
1182 3646 1322 3742 Diony-

309 3760 486 3865 sipolitas,
512 3769 573 3870 qui
597 3784 697 3844 erant
721 3771 949 3845 inimicissimi
975 3771 1066 3870 mei,
1089 3767 1214 3844 lenivi:
1233 3796 1323 3872 quo-

309 3911 387 3960 rum
410 3887 609 3996 principem
634 3898 868 3999 Hermippum
896 3922 970 3972 non
1003 3895 1119 3972 solum
1151 3883 1319 3971 sermone
1431 3881 1434 3888 ¹
