2886 5000
329 394 399 488 234
674 405 971 462 arrsrouauxxv.
1103 411 1135 462 a.
1152 413 1186 461 v.
1203 412 1301 479 c.s94

326 517 471 619 raptim,
495 527 536 588 ut
551 528 630 588 tuos
648 507 808 588 elicerem
824 513 990 587 mirificos
1007 535 1089 586 cum
1103 513 1234 589 Publio
1252 511 1343 590 dia:

290 693 294 700 ·
326 643 445 742 logos,
470 667 577 743 quum
602 631 734 722 eosde
764 635 890 741 quibus
918 638 1062 738 scribis,
1097 628 1172 712 tum
1203 641 1330 742 illum,

326 745 429 871 quem
453 767 571 868 abdis,
596 780 632 841 et
656 767 726 866 ais,
750 765 895 865 longum
919 790 1013 865 esse,
1038 791 1127 868 quae
1153 766 1201 840 ad
1217 794 1257 841 ea
1275 795 1326 842 re·

324 892 509 995 sponderis
521 949 532 992 ,
556 891 786 993 perscribere:
821 889 919 966 illu'm
943 893 1050 977 uero,
1076 890 1135 993 qui
1166 892 1327 966 nondum

323 1018 467 1093 habitus
498 1031 700 1120 est,que1n
730 1017 789 1091 illa
821 1020 960 1112 βοῶπις,
992 1017 1100 1118 quum
1129 1043 1150 1090 e
1182 1017 1329 1094 Solonio'

323 1145 485 1246 redierit,
510 1145 557 1219 ad
584 1160 618 1218 te
644 1159 698 1218 est
721 1144 891 1244 relatura,
916 1143 966 1217 sic
983 1141 1087 1218 velim
1103 1159 1223 1246 putes,
1240 1145 1330 1218 nihil

321 1273 420 1348 hoc³
437 1298 541 1376 posse
565 1271 655 1378 milri
673 1297 747 1344 esse
764 1268 959 1344 iucundius.
984 1269 1023 1343 si
1047 1296 1150 1370 vero,
1174 1298 1266 1372 quae
1285 1271 1329 1344 de

321 1425 379 1472 me
396 1412 499 1499 pacta
524 1411 607 1472 sunt
623 1395 650 1498 l,
674 1423 717 1472 ea
733 1409 1025 1495 nonserrantur3
1048 1397 1086 1469 in
1111 1396 1209 1473 caelo
1231 1423 1327 1472 sum:

322 1539 363 1598 ut
385 1525 474 1604 sciat
496 1523 555 1598 bic
580 1537 702 1600 noster
724 1521 1042 1624 Hierosolymarius
1068 1521 1252 1598 traductor
1281 1523 1328 1598 ad

321 1649 479 1752 plebem,
495 1675 600 1753 quam
616 1649 748 1726 bonam
764 1648 851 1725 meis
868 1648 1060 1752 putissimis
1074 1649 1091 1700 ⁶
1104 1648 1326 1724 orationibus

215 1871 220 1879 x
320 1777 469 1875 gratiam
484 1775 658 1852 retulerit:
677 1802 827 1880 quarum
842 1787 1006 1878 exspecta
1025 1773 1182 1850 dimnam
1198 1779 1327 1872 calogo

321 1901 389 1972 (lietu
403 1905 428 1975 ⁶.
895 1905 898 1914 ³
1060 1995 1068 2002 Ι

371 2055 392 2101 2
417 2027 581 2128 Etenim,
605 2030 775 2129 quantum
808 2025 1010 2102 coniectura
1043 2051 1270 2127 auguramur,
1294 2027 1327 2100 si

321 2153 386 2225 erit
409 2150 538 2226 nebulo
562 2153 629 2226 iste
653 2178 735 2225 cum
763 2151 818 2226 bis
843 2153 1005 2253 dynastis
1036 2153 1073 2226 in
1100 2154 1226 2253 gratia3
1251 2178 1325 2226 nou
1359 2169 1367 2190 ¹

320 2273 428 2350 modo
455 2275 499 2349 de
524 2278 652 2377 cynico
679 2277 893 2378 consulerit,
911 2277 975 2353 sed
998 2304 1045 2352 ne
1071 2278 1115 2353 de
1140 2280 1215 2352 istis
1247 2280 1324 2380 qui-
1439 2269 1440 2296 ¹

321 2401 402 2474 dem
419 2402 633 2503 piscinarum
650 2402 858 2477 Tritonibus
875 2405 1007 2505 poterit
1023 2431 1061 2478 se
1078 2405 1217 2479 iactare.
1242 2405 1324 2479 Non
1439 2407 1440 2430 ¹

319 2529 412 2600 eninr
438 2529 631 2628 poterimus
656 2527 725 2601 ulla
743 2553 817 2601 esse
842 2528 879 2600 in
903 2527 1049 2630 invidia,
1076 2529 1219 2630 spoliati
1244 2530 1321 2631 opi-

318 2650 406 2753 bus,
429 2667 466 2725 et
490 2653 548 2726 illa
574 2655 748 2728 senatoria
772 2655 941 2754 potentia.
967 2655 1171 2730 sinautem
1197 2655 1243 2728 ab
1269 2656 1322 2732 bis

319 2776 516 2879 dissentiet3
541 2781 607 2854 erit
625 2771 820 2854 ‘absurdum
841 2782 877 2854 in
901 2803 969 2856 nos
985 2780 1103 2854 invehi
1120 2783 1145 2853 ⁰.
1172 2781 1321 2856 Verum-

318 2887 437 2977 tamen
460 2903 661 2994 invehatur„
826 2891 829 2906 ¹

372 3028 394 3102 3
420 3028 582 3119 Festive,
598 3031 683 3104 mibi
701 3030 821 3132 erede,
847 3045 884 3106 et
901 3033 1037 3108 minore
1061 3033 1197 3134 sonitu,
1216 3060 1324 3136 quam

317 3165 496 3254 putaram,
521 3156 615 3231 orbis
640 3157 698 3230 lric
723 3159 760 3230 in
785 3184 823 3232 re
854 3157 994 3258 publica
1027 3172 1080 3232 est
1111 3185 1320 3234 conversus:

318 3277 419 3351 citius
448 3283 612 3383 omuino,
632 3309 747 3385 quam
779 3286 937 3384 oportuit
954 3301 983 3358 9:
1009 3283 1047 3358 id
1080 3284 1184 3386 culpa
1213 3288 1322 3359 Cato-

316 3403 389 3503 nis,
417 3405 481 3480 sed
512 3433 629 3482 rursus
662 3409 888 3508 improbitate
916 3410 1081 3511 istorum,
1112 3411 1173 3512 qui
1203 3411 1323 3510 auspi-

315 3528 383 3626 cia,
408 3532 468 3631 qui
495 3532 628 3608 Aeliam
655 3534 785 3635 legem,
825 3536 886 3637 qui
913 3536 1051 3610 Iuniam
1076 3549 1112 3610 et
1127 3537 1318 3636 Liciniam,

314 3654 375 3754 qui
399 3656 586 3732 Caeciliam
611 3675 647 3733 et
670 3661 813 3734 Didiam
838 3660 1082 3763 neglexerunt,
1108 3664 1168 3764 qui
1199 3665 1322 3738 omnia

315 3779 466 3855 remedia
493 3773 730 3888 reipublicae
756 3785 974 3886 effuderunt3
1007 3787 1066 3894 qui
1097 3815 1226 3890 regna,
1259 3791 1326 3890 qui

227 3939 230 3944 ·
317 3907 461 4001 praedia
489 3912 689 4012 tetrarchis,
714 3915 773 4014 qui
805 3915 974 3987 immanes
1005 3916 1172 4014 pecunias
1197 3917 1326 4018 paucis
