2932 5000
535 464 572 512 ru
597 460 786 512 errorores
1088 440 1159 542 373

161 581 199 645 ¹9
219 561 325 624 Malim
346 581 416 624 curn
436 561 515 626 Viet.
536 565 641 636 nostri,
661 574 691 626 et
711 565 753 624 ita
772 561 829 624 suit
849 561 959 645 vulgo,
972 563 996 624 si
1011 563 1162 628 credimus

198 670 341 732 Grutero.

156 797 197 838 ao
217 777 340 838 locatur
359 777 391 837 in
405 775 503 858 legem
518 775 671 850 Cinciam,
687 797 764 858 quae
778 787 843 838 emt
855 775 895 839 de
908 775 995 839 donis
1009 787 1039 838 et
1052 797 1160 840 mune·

196 883 289 944 ribus.
305 881 402 944 etde
423 882 508 945 Orat.
521 884 565 956 ll,
581 905 634 964 7¹3
658 883 697 945 de
718 883 786 946 Sen.
802 884 839 962 43
853 894 883 945 et
895 885 961 946 Liv.
972 883 1118 958 XXXIV,
1128 885 1157 962 4.

197 989 316 1050 Manat.
367 971 370 978 ¹

154 1115 191 1158 αι
216 1096 262 1156 lta
281 1095 419 1156 Fae'rnus
433 1115 467 1156 ex
481 1115 550 1158 mss.
564 1095 638 1156 Pell.
660 1095 738 1157 Sunt
752 1098 803 1178 qui
821 1095 950 1168 Scheria,
961 1106 993 1157 et
1005 1098 1067 1158 sine
1082 1099 1160 1180 aspi·

194 1205 327 1275 ratione,
348 1201 465 1276 Scedo,
491 1203 607 1264 malint.
629 1202 742 1266 Contra
762 1224 813 1266 eos
834 1202 950 1266 erudite
971 1213 1001 1264 et
1020 1202 1160 1286 pluribus

196 1308 331 1392 disputat
349 1309 519 1394 Malaspina
539 1307 680 1372 adhunc
700 1311 801 1372 locum
823 1310 880 1391 (ed
900 1311 960 1372 Art
981 1310 1012 1383 l,
1032 1312 1098 1392 20).

152 1435 193 1476 υ
215 1414 303 1476 amb.
328 1413 366 1476 16
396 1437 466 1478 curn
493 1415 571 1479 Aldo
597 1428 672 1498 aget.
698 1415 758 1478 Sed
785 1418 847 1498 agit
871 1426 938 1489 est,
965 1425 1000 1477 ut
1020 1414 1160 1499 explanat

195 1523 375 1598 Manutius,
404 1523 442 1585 de
470 1544 528 1598 eo,
560 1523 643 1605 quod
673 1525 737 1609 ipse
756 1535 809 1587 tua
830 1533 936 1607 sponte
955 1523 1049 1607 ipsius
1069 1543 1159 1584 causa

193 1632 254 1692 iam
277 1631 381 1692 fecisti.

570 1813 571 1818 ‘
598 1843 713 1910 xxvr.

151 2079 163 2119 r
189 2055 293 2118 Ludos
326 2056 520 2138 gladiatorios
549 2076 568 2116 a
594 2056 637 2118 Ml
665 2055 924 2143 Metelloeditos.
957 2021 1154 2117 Funelresne

189 2164 322 2237 fuerint,
341 2173 377 2224 ut
395 2161 584 2247 probabilius
605 2161 738 2238 videtur,
758 2183 798 2224 an
817 2162 876 2226 alia
893 2162 934 2224 de
955 2183 1044 2223 causa
1064 2160 1157 2236 editi,

190 2290 349 2331 nescrrnus.
1213 2318 1218 2328 ,

147 2397 168 2437 2
190 2376 261 2438 Vid.
283 2376 322 2437 ad
342 2397 389 2460 ep.
410 2375 527 2450 XXIV,
540 2387 613 2440 extr.
633 2377 725 2438 Notat
737 2335 886 2438 Gruterus
903 2377 1048 2460 scriptum
1062 2373 1156 2458 vulgo

190 2482 283 2544 fuisse
304 2483 429 2545 laetam
449 2505 515 2545 sum
534 2505 581 2544 me
600 2485 741 2566 scriptum
760 2484 867 2546 librum
885 2481 1017 2558 dedisse3
1037 2481 1069 2542 id
1088 2481 1156 2565 pla·

189 2600 246 2650 cet.
267 2589 386 2652 Revera
405 2592 448 2650 ita
468 2600 513 2652 est
532 2591 565 2650 in
584 2590 632 2652 ed.
654 2590 748 2652 Herv.
1048 2645 1051 2648 .

147 2697 167 2758 3
189 2696 317 2756 Dictum
336 2707 444 2770 vetus,
463 2699 525 2757 iam
545 2718 563 2758 a
583 2696 694 2758 Plauto
721 2695 835 2778 (Most.
856 2696 884 2769 l,
905 2695 940 2769 3,
965 2692 1043 2776 rrti)
1065 2713 1155 2755 usur-

185 2813 311 2885 patum:
332 2802 445 2865 Mulier
463 2817 539 2865 recte
559 2804 634 2886 olet,
659 2804 709 2866 ubi
726 2803 800 2864 rrilril
818 2804 887 2866 oter.

147 2911 170 2989 4
192 2909 244 2971 Sic
263 2908 353 2971 Amb.
378 2931 412 2992 17
434 2921 464 2972 et
491 2909 558 2972 edd.
583 2931 702 2986 omnem
726 2911 819 2994 vulgo
845 2920 915 2994 post
941 2909 1062 2970 Gmter.
1088 2906 1156 2969 Iso-

189 3018 279 3089 crati,
300 3015 383 3098 quod
403 3037 461 3099 pro
481 3016 623 3080 Isocratis
647 3016 781 3080 defendit
808 3017 971 3093 Graevius3
991 3014 1052 3079 vid.
1073 3014 1154 3078 Vos·

190 3123 270 3182 sium
292 3121 330 3182 de
352 3121 479 3205 Analog.
500 3124 545 3196 ll,
565 3145 595 3207 9.

145 3227 167 3289 5
187 3207 419 3310 Metaphorice,
438 3249 497 3312 pro
516 3229 660 3302 vasculo,
687 3229 770 3312 quod
790 3239 993 3292 atramentum
1014 3227 1154 3289 continet.

191 3334 241 3394 De
260 3333 429 3416 pictoribus
450 3335 552 3399 Varro
576 3337 633 3417 (R.
655 3337 692 3399 R.
713 3337 777 3410 lll,
802 3359 849 3418 17,
869 3339 924 3417 dl:
955 3335 1090 3397 Pictones
1110 3334 1156 3395 lo·

193 3437 308 3500 culatas
328 3459 450 3521 magum
469 3441 577 3514 hadent
595 3442 730 3519 arculas,
750 3443 802 3506 ubi
817 3442 976 3504 discolores
993 3442 1050 3502 sint
1061 3460 1154 3501 cerae.

187 3543 254 3605 Pro
265 3543 404 3628 fimrttur
422 3546 656 3630 amphfiootrom'r
670 3551 750 3632 cepit
760 3549 917 3610 Ernestius
932 3549 944 3625 (
952 3546 1023 3610 Vid.
1041 3549 1072 3608 iu
1085 3543 1155 3608 tad.
1171 3595 1174 3606 ,

188 3649 298 3731 Lat),
318 3651 402 3733 quod
422 3663 524 3714 tamen
543 3675 606 3714 non
625 3657 825 3726 convenisset
846 3655 1033 3738 consumpsit.

144 3755 278 3820 6.1.ihh.
300 3759 387 3821 multi
407 3759 594 3821 aristotelica.

132 3869 165 3944 '7
188 3862 309 3924 Cursim
332 3864 444 3946 legisti,
465 3869 590 3928 missum
610 3867 749 3930 videlicet
768 3868 808 3929 ab
829 3868 903 3929 aliis.
924 3868 989 3927 lam
1010 3864 1091 3926 enim
1105 3862 1154 3924 di·
1254 3919 1260 3941 ,

187 3968 329 4051 vulgatus
350 3981 436 4043 erat,
468 3974 492 4032 si
519 3972 642 4054 quidem
669 3985 700 4035 et
722 3973 903 4038 Posidonius
923 3993 994 4034 eum
1014 3969 1093 4032 Redi
1114 3969 1156 4031 le-

188 4085 297 4174 ¹gerat,
316 4087 353 4138 ut
372 4075 452 4139 infra
471 4079 615 4160 proxime.
638 4079 756 4142 Manut.
