2886 5000
360 430 428 532 176
706 447 878 504 unorum
902 369 995 505 xxxxi.
1129 445 1159 496 r.
1177 449 1209 498 v.
1226 449 1251 498 c.
1265 449 1310 503 sor

352 569 472 630 nostra
489 550 634 628 laboret.
658 552 894 646 Quaestorem
910 551 1037 649 habes,
1053 573 1126 626 nou
1142 564 1205 627 tuo
1219 551 1336 628 iudicio

353 680 542 778 delectum,
573 678 637 752 sed
653 704 750 778 eum,
775 705 881 781 quem
906 705 981 753 sors
999 676 1106 752 dedit
1131 678 1233 752 Hune
1248 704 1339 780 opor

344 820 405 880 tet
429 820 466 880 et
490 831 552 879 sua
577 817 704 906 sponte
737 829 812 878 esse
836 803 1075 903 moderatum,
1100 817 1137 878 et
1161 805 1227 878 tuis
1250 805 1337 878 insti·

352 931 439 1022 tutis
465 958 507 1005 ae
531 932 731 1034 praeceptis
756 931 1009 1034 obtemperare.
1034 933 1196 1026 Quorum
1219 931 1247 1004 si
1273 930 1339 1033 quis

353 1055 443 1132 sorte
460 1071 551 1132 esset
567 1056 762 1157 sordidior,
787 1033 892 1133 serres
918 1072 1060 1132 eatenus
1067 1113 1080 1158 ,
1104 1055 1221 1162 quoad
1237 1081 1341 1158 perse

353 1182 542 1284 negligeret
559 1186 590 1234 ²³
615 1210 673 1258 eas
698 1182 811 1286 leges,
838 1183 965 1287 quibus
990 1198 1083 1260 esset
1107 1179 1342 1258 adstrictusl:
1411 1239 1413 1244 .

353 1336 427 1385 uon
462 1325 502 1386 ut
538 1337 580 1384 ea
616 1324 814 1412 potestate,
851 1337 957 1414 quam
995 1325 1040 1394 tu,
1068 1309 1117 1388 ad
1152 1309 1343 1410 dignitatem

353 1437 586 1537 permisisses,
611 1436 657 1511 ad
690 1451 874 1539 quaestum
905 1433 1078 1512 uteretur.
1110 1436 1232 1538 Neque
1262 1434 1345 1508 cuim

352 1562 440 1636 mihi
476 1589 560 1638 sane
597 1562 735 1666 placet,
772 1565 981 1665 praesertim
1017 1589 1129 1666 quum
1169 1563 1208 1636 hi.
1243 1585 1345 1633 mores

353 1678 492 1764 tantum
515 1691 585 1763 iam
610 1689 657 1763 ad
681 1690 825 1764 nimiam
850 1690 1036 1766 lenitatem
1065 1704 1102 1762 et
1132 1688 1180 1762 ad
1203 1686 1347 1762 ambitio·

352 1842 437 1890 nem
461 1819 493 1868 ²⁵
524 1815 772 1916 incubuerint,
804 1818 952 1892 scrutari
991 1831 1026 1892 te
1060 1842 1186 1892 omnes
1221 1811 1348 1908 sordes,

278 2025 282 2032 ¹
355 1958 517 2018 excutere
543 1969 828 2046 unumquemque
863 1968 1007 2019 eorum:
1037 1927 1123 2045 sed,
1155 1954 1281 2045 quanta
1309 1937 1348 2010 sit

355 2070 393 2150 in
418 2095 560 2171 quoque
575 2069 698 2169 tides,
723 2083 860 2144 tantum
886 2071 1014 2174 cuique
1041 2070 1271 2146 committere.
1297 2064 1349 2138 At»

355 2197 532 2297 queiu'ter
557 2196 637 2295 hos,
662 2221 741 2296 eos,
759 2222 848 2298 quos
873 2195 938 2270 tibi
963 2197 1112 2272 comites
1129 2210 1169 2270 et
1185 2194 1347 2270 adiutores

353 2323 575 2422 negotiorum
607 2322 831 2423 publicorum
864 2323 962 2398 dedit
994 2323 1071 2426 ipsa
1106 2349 1164 2398 res
1198 2317 1348 2422 publica,

355 2447 538 2524 dumtaxat
562 2447 690 2524 fiuibus
715 2447 769 2524 his
796 2447 1009 2554 praestabis,
1035 2475 1126 2554 quos
1153 2461 1236 2526 ante
1261 2466 1349 2548 prae-

354 2575 485 2678 scripsi.
685 2659 688 2668 Ι

402 2703 464 2776 IV.
491 2704 515 2798 4
538 2705 638 2798 Quos
658 2729 742 2780 uero
762 2718 824 2778 aut
841 2729 884 2778 ex
905 2703 1106 2780 domesticis
1126 2695 1351 2780 convictioni

351 2828 419 2906 bus
431 2832 474 2929 ²⁶,
490 2844 551 2904 aut
568 2857 612 2911 ex
626 2831 829 2905 necessariis
849 2829 1131 2931 apparitionibus
1150 2845 1270 2904 tecum
1288 2847 1353 2898 esse

353 2954 511 3063 voluisti,
536 2955 596 3056 qui
622 2958 722 3058 quasi
746 2983 789 3030 ex
814 2957 962 3032 eobone
989 2944 1352 3058 praetorisappelleri

353 3079 484 3181 solent,
515 3081 642 3156 horum
665 3108 739 3156 non
763 3083 872 3159 modo
897 3083 1009 3188 facta,
1039 3082 1105 3158 sed
1131 3084 1244 3156 etiam
1270 3077 1353 3152 dictu

352 3206 478 3280 omnia
494 3209 704 3308 praestanda
729 3208 832 3285 nobis
857 3223 947 3284 sunt.
974 3209 1044 3284 Sed
1069 3209 1187 3285 habes
1223 3232 1283 3284 eos
1312 3215 1354 3276 te

353 3355 451 3431 oum,
475 3359 563 3435 qrros
588 3335 703 3437 possis
730 3350 825 3414 recte
857 3335 1023 3412 facientes
1055 3336 1161 3411 facile
1198 3335 1355 3434 diligere5

353 3457 468 3532 minus
507 3460 730 3536 consulentes
768 3455 1016 3561 existimationi
1053 3477 1162 3564 tuae,
1203 3458 1354 3538 facillime

352 3595 533 3684 coercere,
559 3615 579 3662 a
606 3588 751 3690 quibus,
773 3590 870 3668 rudis
889 3607 920 3660 ²⁷
947 3617 1056 3693 quum
1080 3616 1203 3690 esses,
1227 3586 1369 3665 uidetur*

351 3712 510 3810 potuisse
527 3728 588 3787 tua
604 3714 792 3804 liberalitas
819 3717 952 3818 decipi,
976 3744 1059 3792 nam
1076 3731 1119 3791 ut
1136 3717 1288 3819 quisque
1309 3719 1355 3783 est

351 3838 405 3910 vir
431 3839 602 3940 optimus,
627 3842 677 3915 ita
712 3841 914 3918 difficillime
947 3871 1024 3918 esse
1056 3843 1147 3917 alius
1179 3837 1355 3943 improbos

351 3965 560 4065 suspicatur:
594 3991 688 4044 rruuc
715 3997 798 4046 vero
832 3973 954 4048 tertius
987 3970 1043 4053 liic
1076 3995 1201 4046 murus
1232 3963 1354 4043 habeti
