2932 5000
331 355 402 448 414
692 374 963 425 annornrtonss

372 508 389 536 ιι
409 481 450 540 ita
471 479 551 559 leges
571 473 638 537 suas
660 476 770 538 Caesar
789 478 932 559 pertulit3
961 485 992 537 et
1015 477 1120 537 iuratis
1141 478 1172 536 in
1193 497 1243 538 eas
1263 477 1327 560 pie-

371 615 389 644 ιι
408 587 499 660 baiis,
512 607 530 644 a
544 584 685 646 Patribus
700 605 823 666 quoque
842 585 922 645 idem
942 584 1152 644 iusiurandum
1171 586 1277 666 exegit.
1291 621 1330 634 —-
1444 667 1445 676 ἵ

371 721 388 748 ιι
408 693 607 774 Rogationem
628 690 697 752 tulit
718 692 757 751 ad
777 691 943 774 populum,
956 701 991 750 nt
1011 691 1146 774 capitalis
1165 703 1257 764 esset,
1277 695 1329 773 qui

372 827 388 857 ιι
408 820 470 859 non
496 803 630 874 inraret3
661 797 753 879 idque
784 799 917 881 populns
942 800 1042 859 scivit.
1074 798 1204 881 Moxque
1225 821 1328 862 omnes

371 935 388 962 ιι
408 927 481 988 prae
502 916 585 965 metu
606 907 753 965 iurarunt.
775 929 792 958 η

331 1037 348 1094 7
368 1013 461 1074 Vncis
482 1013 597 1072 inclusa
617 1010 728 1072 Schiitz
748 1012 850 1087 eiecit3
871 1013 933 1071 sine
953 1010 1047 1071 dubio
1068 1013 1190 1072 insititia
1210 1025 1290 1076 sunt.

329 1119 350 1180 8
370 1130 541 1202 ειριιιιῶς,
561 1138 619 1201 pro
639 1117 851 1200 ειιριιιιιιιιιιι
870 1115 1036 1190 ruente,
1066 1118 1163 1178 enan
1183 1119 1329 1218 rung
1444 1093 1445 1128 ¹

369 1224 453 1307 quod
479 1228 531 1306 qui
563 1245 625 1284 non
654 1236 814 1307 ceperunt,
833 1226 876 1283 in
897 1223 1034 1306 fluorem
1064 1235 1229 1286 mutarunt.
1262 1227 1330 1289 Non
1444 1221 1445 1268 i

369 1332 456 1392 habet
474 1338 545 1392 satis
564 1331 721 1413 praesidii,
743 1334 814 1412 qnia
834 1330 924 1412 legati
944 1331 1093 1412 legatione
1109 1331 1207 1392 libera
1220 1332 1331 1396 absunt

370 1461 424 1498 sua
444 1459 547 1509 causa,
560 1458 623 1498 non
637 1439 680 1498 rei
695 1437 795 1520 pubi,
816 1448 906 1520 atque
926 1436 1002 1498 adeo
1022 1437 1132 1498 nullius
1152 1440 1266 1500 auxilio
1286 1443 1330 1500 ni-

369 1556 491 1620 tuntur3
511 1548 542 1604 in
563 1545 657 1606 altera
677 1556 778 1606 autem
799 1545 948 1627 legatione
964 1555 1083 1627 poterat
1097 1545 1204 1606 Cicero
1217 1547 1328 1608 auxilio

370 1651 503 1712 Caesaris
524 1654 577 1711 uti.

328 1779 348 1838 9
368 1759 563 1838 Legationem
586 1757 667 1840 apud
689 1759 845 1818 Caesarem
865 1760 897 1817 in
918 1757 1024 1818 Gallia

279 1887 282 1895 Δ
333 1883 367 1923 10
388 1863 471 1940 Quid
491 1866 547 1923 sim
574 1864 714 1924 facturus.
743 1864 832 1926 Varr.
864 1863 974 1924 Silberi
1005 1873 1035 1924 et
1066 1863 1132 1924 ΑΜ.
1161 1866 1224 1926 scio
1244 1866 1328 1948 qund-

367 1989 455 2044 nam3
476 1973 593 2050 corrige
612 1972 671 2030 scri>
691 1973 856 2052 quicquam.
874 1970 939 2032 'His
959 1971 1096 2053 proxime
1117 1969 1246 2044 Sehiitz,
1277 1973 1327 2033 sed

366 2095 384 2134 a
403 2074 488 2135 libris
509 2076 647 2158 longius,
665 2080 725 2138 scio
745 2075 818 2160 quid
836 2098 932 2157 agam.

331 2203 361 2241 11
385 2181 441 2241 Ed.
463 2182 567 2255 Rom„
588 2183 656 2244 Ald.
678 2197 709 2244 tu
729 2186 802 2244 hoco
822 2207 845 2245 s.

330 2309 364 2348 12
384 2288 454 2349 Vid.
476 2311 523 2372 ep.
546 2311 606 2372 seq.
632 2313 661 2363 1,
682 2301 712 2351 et
733 2293 804 2364 LII,
831 2313 854 2351 1.

330 2395 364 2454 13
386 2395 436 2456 sic
457 2395 523 2455 edd.
544 2398 666 2469 Minut,
686 2397 770 2470 Md„
792 2398 900 2470 Herv.,
921 2396 1061 2456 Lambini
1083 2409 1112 2456 et
1133 2394 1204 2456 sch.
1226 2397 1326 2478 Vulgo

365 2501 466 2562 vellem
486 2523 571 2582 egove
590 2523 735 2586 cuperem.

778 2716 873 2780 XLV.

329 2949 339 2987 1
364 2928 466 2990 Verba
486 2928 561 2989 haec
581 2941 650 2991 sunt
671 2931 806 2990 Terentii
824 2949 858 2988 ex
872 2927 1058 2988 Phormione
1073 2927 1117 2998 ΙΙ,
1136 2947 1160 2998 1,
1176 2947 1211 2998 a,
1232 2947 1324 3009 quum

259 3098 264 3102 ,
365 3039 501 3116 queritur
513 3037 683 3120 Demipho,
702 3037 815 3107 fliium,
829 3056 860 3095 se
873 3033 996 3096 absente
1017 3045 1046 3094 et
1066 3034 1185 3104 nescio,
1205 3033 1323 3093 duxisse

365 3161 496 3202 uxorem.
517 3144 570 3203 Ita
589 3165 625 3202 ne
654 3143 773 3210 tundam
803 3162 926 3203 uxorem
951 3139 1040 3200 duxit
1059 3139 1192 3222 Antipho
1214 3140 1323 3200 iniussu

364 3249 451 3306 meo?
471 3247 535 3308 Nec
555 3271 651 3310 meum
670 3250 840 3332 imperium,
861 3259 916 3307 eto.
941 3246 1051 3307 Victor.
1071 3245 1126 3306 Illa
1147 3244 1245 3306 verba
1264 3265 1324 3305 non

365 3351 494 3412 Statium
526 3334 675 3437 spectant,
705 3355 757 3418 sed
789 3357 888 3439 ipsum
914 3353 1061 3425 fratrem,
1087 3354 1136 3412 cui
1163 3355 1255 3414 toties
1276 3351 1323 3410 ci-

365 3484 433 3523 cero
454 3463 663 3539 mandaverat,
676 3487 714 3526 ne
729 3467 857 3526 Statium
878 3465 1115 3524 manumitteret:
1137 3461 1237 3522 sedai
1258 3459 1324 3520 nul-

364 3569 427 3628 lum
446 3573 479 3630 in
500 3593 530 3630 se
551 3574 713 3656 imperium
731 3593 797 3633 esse
816 3572 910 3632 frater
929 3580 1076 3653 putasset,
1096 3579 1199 3629 tamen
1219 3565 1323 3628 simul·

364 3685 455 3737 tatem
479 3699 578 3738 meam
604 3679 755 3740 debuisset
785 3680 903 3749 vereri,
935 3696 1029 3756 quum
1061 3673 1147 3734 facile
1178 3675 1323 3755 potuisset

364 3786 515 3864 cogitare,
536 3807 585 3846 me
605 3787 637 3846 id
657 3787 822 3868 aegerrime
854 3785 1007 3854 laturum,
1039 3781 1121 3862 prod
1152 3801 1191 3840 ne
1211 3780 1322 3840 faceret

363 3891 449 3970 toties
475 3912 616 3972 rogarem
648 3904 677 3954 et
708 3911 930 3976 praeceperam.
960 3887 1063 3948 Graes.
1092 3888 1174 3948 Tum
1195 3897 1321 3968 quantus
