2834 5012
347 403 394 479 52
707 427 876 478 urrsronr
901 431 970 480 xrv.
1071 395 1078 404 ’
1120 429 1150 477 Α.
1168 433 1201 481 v.
1218 432 1246 478 c.
1265 431 1313 493 ⁶91

346 557 451 632 quam
476 557 545 629 me,
571 557 787 632 quacumque
805 533 940 606 ratione
957 545 1094 634 posset,
1118 557 1191 605 non
1207 531 1338 604 iudicio

344 683 457 759 neque
476 658 744 760 disceptatione,
760 659 824 732 sed
836 661 870 734 vi
883 674 986 761 atque
1003 659 1230 760 impressione
1242 683 1339 731 ever

344 799 425 860 tere.
458 785 569 858 Huius
594 811 658 886 ego
684 787 871 860 temeritati
898 785 1071 860 sivirtute
1097 797 1200 886 atque
1218 784 1337 856 animo

341 937 416 984 non
440 913 657 986 restitissem:
683 914 760 1014 quis
787 925 893 1012 esset,
918 913 977 1014 qui
1001 937 1058 984 me
1082 912 1120 982 in
1152 907 1338 983 consulatu

340 1061 415 1110 non
440 1064 521 1111 casu
538 1039 656 1139 potius
674 1038 900 1137 existimaret,
925 1063 1030 1138 quam
1047 1034 1193 1110 consilio
1210 1035 1339 1108 fortem

339 1162 465 1236 suissei
489 1164 586 1237 Haec
611 1166 640 1237 si
665 1175 704 1236 tu
728 1161 909 1236 Metellum
934 1164 1085 1262 cogitare
1112 1161 1155 1236 de
1187 1185 1245 1232 me
1277 1185 1337 1232 ne-

340 1290 454 1389 scisti,
480 1287 585 1362 debes
611 1290 826 1388 existimare,
850 1303 885 1362 te
912 1288 1076 1390 ,maximis
1109 1286 1153 1358 de
1183 1285 1291 1360 rebus
1317 1311 1337 1357 a

339 1415 445 1487 fratre
477 1441 550 1487 esse
583 1414 747 1489 celatum:
781 1417 835 1488 sin
866 1428 982 1488 autem
1014 1413 1146 1515 aliquid
1178 1413 1336 1511 imperti-

339 1541 392 1614 vit
408 1541 438 1591 ³⁰
465 1539 530 1613 tibi
554 1542 607 1617 sui
631 1541 784 1643 consilii,
807 1541 895 1617 lenis
922 1568 942 1614 a
967 1555 1001 1614 te
1026 1555 1064 1616 et
1087 1538 1196 1612 facilis
1217 1538 1337 1611 existi-

338 1669 426 1742 mari
452 1666 582 1768 debeo,
607 1670 666 1769 qui
690 1667 777 1741 nihil
805 1681 921 1742 tecum
955 1668 998 1743 de
1028 1667 1084 1740 his
1116 1666 1200 1767 ipsis
1228 1663 1336 1737 rebus

339 1793 564 1893 expostulem.
589 1795 655 1894 Et,
679 1795 708 1866 si
734 1793 912 1894 intelligis,
942 1820 1015 1868 non
1039 1820 1095 1866 me
1128 1793 1223 1865 dicto
1257 1792 1336 1864 Me·

338 1917 466 2019 telli³¹,
490 1933 530 1991 ut
553 1919 691 2019 scribis,
716 1919 779 1994 sed
804 1920 948 1994 consilio
974 1922 1046 1993 eius
1076 1920 1263 2020 animoque
1297 1919 1336 1989 in

336 2069 393 2116 me
419 2045 655 2118 inimicissimo
682 2071 755 2122 esse
781 2061 1013 2120 commotum:
1038 2070 1210 2144 cognosce
1236 2069 1334 2116 nunc

335 2169 589 2244 humanitatem
613 2198 742 2274 meam,
767 2174 795 2246 si
819 2173 1015 2246 humanitas
1041 2170 1253 2273 appellanda
1278 2183 1334 2244 est

335 2297 373 2368 in
399 2296 618 2374 acerbissima
643 2301 766 2373 iniuria
791 2301 947 2374 remissio
972 2299 1078 2372 animi
1110 2323 1152 2371 ac
1180 2296 1332 2370 dissolu-

333 2422 394 2497 tio.
428 2421 532 2498 Nulla
557 2439 611 2499 est
635 2453 655 2498 a
679 2451 735 2500 me
761 2453 927 2530 umquam
961 2425 1132 2499 sententia
1166 2423 1262 2497 dicta
1293 2425 1332 2494 in

331 2547 474 2623 fratrem
499 2565 613 2626 tuum:
639 2555 926 2657 quotiescumque
953 2551 1085 2654 aliquid
1109 2564 1162 2622 est
1188 2563 1333 2647 actum,

331 2674 455 2750 sedens
480 2679 522 2752 iis
547 2681 691 2780 assensi,
716 2682 775 2782 qui
800 2681 885 2766 mihi
909 2679 1082 2753 lenissime
1107 2679 1236 2751 sentire
1264 2678 1330 2752 visi

330 2817 420 2874 sunt.
446 2804 586 2878 Addam
610 2805 697 2880 illud
722 2809 827 2880 etiam
845 2809 886 2906 ³²,
911 2805 1009 2907 quod
1032 2808 1102 2878 iam
1120 2831 1184 2904 ego
1205 2830 1328 2880 curare

329 2948 402 2998 non
428 2927 550 3028 debui,
574 2929 637 3003 sed
661 2945 779 3004 tamen
804 2933 877 3005 fieri
901 2957 975 3006 non
999 2932 1144 3007 moleste
1170 2931 1253 3030 tuli,
1275 2945 1328 3003 at-

329 3075 397 3151 que
422 3052 544 3153 etiam,
569 3069 609 3127 ut
632 3057 682 3128 ita
707 3059 820 3157 fieret,
845 3084 911 3160 pro
939 3084 1017 3132 mea
1049 3071 1148 3159 parte
1183 3056 1327 3152 adiuvi,
1410 3147 1411 3160 ἵ

327 3189 368 3246 ut
392 3193 531 3253 senatus
556 3180 715 3257 consulto
734 3186 765 3234 ³³
789 3212 887 3258 meus
915 3187 1097 3286 inimicus,
1127 3185 1209 3286 quia
1246 3198 1324 3257 tuus
1409 3221 1410 3281 ᾗ

325 3300 431 3376 frater
462 3320 552 3406 erat,
581 3307 826 3384 sublevaretur.
861 3312 978 3403 Quare
1006 3335 1070 3410 ego
1102 3335 1174 3384 non
1207 3334 1326 3410 oppu·
1408 3373 1409 3394 ,

325 3432 428 3526 gnavi
453 3432 594 3507 fratrem
618 3448 733 3535 tuum,
758 3436 820 3510 sed
836 3436 934 3511 fratri
951 3451 1013 3511 tuo
1030 3435 1237 3537 repugnavi:
1256 3460 1323 3510 uec

323 3555 361 3628 iu
380 3569 426 3653 te,
450 3571 491 3629 ut
515 3559 654 3661 scribis,
677 3566 797 3636 animo
823 3563 873 3634 fui
903 3561 1026 3636 mobili
1034 3598 1046 3654 ,-
1072 3560 1136 3636 sed
1166 3562 1217 3634 ita
1252 3575 1323 3634 sta·

322 3677 398 3779 bili,
424 3686 524 3756 utin
548 3712 626 3760 mea
651 3713 731 3788 erga
757 3702 791 3763 te
810 3686 1015 3790 uoluntate,
1040 3690 1145 3762 etiam
1162 3686 1321 3762 desertus

324 3803 366 3876 ab
393 3807 515 3881 officiis
541 3813 625 3911 tuis,
649 3839 898 3914 permanerem.

372 3933 393 4006 5
420 3934 534 4036 Atque
551 3936 620 4011 hoc
638 3941 715 4039 ipso
732 3955 888 4042 tempore
907 3941 989 4039 tibi,
1011 3965 1125 4041 paene
1142 3940 1318 4014 minitanti
