2834 5012
331 405 378 478 56
695 419 866 470 rrrsronn
891 425 947 470 xv.
1110 422 1324 486 r.v.c.691‘

330 542 401 627 set,
425 527 617 627 egissetque
640 547 796 624 mecum,
822 537 862 597 ιιι
879 549 1027 623 ¹operam
1045 523 1182 623 darem,
1198 551 1244 598 ne
1262 525 1321 598 tibi

319 655 400 726 *boc
425 669 582 754 tempore
608 650 866 725 succederetur:
892 675 1105 751 quamquam
1129 649 1230 724 illum
1262 652 1322 724 ho

330 781 461 852 minem
485 779 573 878 fingi
598 791 634 851 ει
658 777 723 850 tibi
750 779 901 850 amicum
920 777 1179 878 existimabam,
1196 791 1325 878 tamen,

330 905 427 1008 quod
450 906 617 980 memoria
642 903 823 1004 tenebam,
847 903 1048 976 cuiusmodi
1073 904 1119 976 ad
1134 930 1192 978 me
1210 903 1325 977 literas

330 1047 432 1106 antea
455 1033 623 1130 misisses,
647 1055 720 1104 non
744 1031 827 1103 satis
856 1029 991 1103 credidi
1015 1029 1150 1103 homini
1174 1031 1326 1130 pruden-

331 1160 386 1232 ti²
404 1172 477 1231 tam
492 1156 595 1232 valde
612 1182 686 1230 esse
703 1169 874 1228 mutatam
892 1154 1110 1231 voluntatem
1128 1170 1236 1230 tuam.
1262 1154 1326 1226 Sed

331 1298 455 1385 postea
481 1309 586 1384 quam
610 1295 647 1356 et
665 1281 827 1357 Cornelia
841 1295 912 1355 'tua
929 1283 1130 1356 Terentiam
1147 1283 1328 1380 convenit,

332 1425 368 1484 ει
392 1435 457 1508 ego
483 1435 563 1482 cum
588 1410 631 1498 Q.
659 1407 854 1481 Comelio³
881 1434 959 1480 sum
995 1407 1154 1506 locutus,
1185 1407 1328 1480 adhibui

332 1535 565 1633 diligentiam,
590 1535 883 1635 quotiescumque
909 1548 1048 1607 senatus
1073 1534 1153 1632 fuit,
1179 1547 1220 1607 ut
1239 1534 1329 1606 ades·

333 1687 424 1758 sem,
448 1659 703 1762 plurimumque
719 1661 757 1732 in
774 1685 816 1732 co
842 1662 975 1758 negotii
992 1661 1116 1759 habui,
1142 1675 1182 1733 ιιι
1200 1663 1246 1753 Q.
1263 1661 1329 1733 Fu-

333 1789 418 1859 fium
433 1786 460 1885 l,
485 1785 663 1858 tribunum
686 1784 799 1885 plebis
817 1787 844 1885 ⁵,
869 1799 905 1858 et
930 1801 1065 1860 ceteros
1072 1843 1083 1886 ,
1109 1785 1155 1859 ad
1181 1813 1273 1888 quos
1295 1801 1329 1858 tu

334 1914 539 2012 scripseras,
570 1937 730 2010 cogerem
762 1913 880 2013 potius
913 1912 998 1986 mihi
1033 1913 1192 2012 credere,
1227 1941 1330 2016 quam

333 2039 402 2112 tuis
426 2037 542 2110 literis.
574 2038 727 2110 Omnino
759 2063 814 2110 res
839 2050 914 2110 tota
945 2039 983 2110 in
1015 2064 1172 2112 mensem
1208 2040 1329 2112 Ianua·

334 2165 426 2237 rium
453 2163 582 2235 reiecta
607 2175 699 2262 erat,
723 2161 786 2235 sed
810 2162 909 2235 facile
935 2162 1167 2237 obtinebatur.

385 2317 407 2360 a
434 2291 512 2386 Ego
530 2303 587 2362 tua
607 2288 841 2386 gratulatione
857 2304 1072 2389 commotus,
1098 2289 1196 2390 quod
1213 2291 1262 2363 ad
1281 2317 1333 2362 me

335 2413 473 2513 pridem
497 2416 701 2515 scripseras,
728 2411 817 2488 velle
844 2427 879 2486 te
903 2413 994 2486 bene
1027 2401 1166 2488 evenire
1183 2417 1211 2514 ⁶,
1242 2415 1335 2517 quod

336 2540 380 2626 de
406 2542 530 2614 Crasso
556 2540 700 2613 domum
734 2541 908 2612 emissem:
935 2542 1004 2612 emi
1030 2567 1107 2614 eam
1131 2542 1249 2642 ipsam
1276 2541 1334 2614 do-

230 2690 233 2703 ·
335 2692 433 2740 mum
466 2665 542 2738 H-S
575 2691 669 2740 xxxv
694 2684 724 2763 ⁷,
759 2664 938 2766 aliquanto
970 2681 1054 2767 post
1092 2680 1191 2740 tuam
1220 2682 1335 2766 gratu-

334 2791 511 2866 lationem.
541 2794 664 2891 Itaque
695 2816 789 2864 nunc
825 2792 881 2865 me
914 2792 1003 2865 scito
1036 2805 1175 2866 tantum
1206 2793 1335 2866 babere

307 2918 422 2988 aeris
447 2915 565 3012 alieni,
588 2930 630 2986 ιιι
655 2917 793 3014 cupiam
820 2918 1002 2990 coniurare
1019 2919 1048 3002 ⁸,
1075 2919 1103 2989 si
1132 2919 1226 3018 quie
1253 2919 1335 2991 reci-

273 3077 275 3084 *
333 3041 417 3138 piat.
442 3039 512 3112 Sed
536 3040 664 3138 partim
690 3038 773 3111 odio
806 3042 942 3114 inducti
968 3069 1026 3116 me
1052 3041 1269 3142 excludunt,
1302 3055 1335 3115 et

334 3178 453 3263 aperte
471 3163 645 3257 vindicem
662 3166 909 3248 coniurationis
927 3166 1092 3266 oderunt,
1108 3167 1242 3268 partim
1260 3193 1333 3241 non

334 3289 500 3376 credunt,
526 3304 562 3363 et
587 3316 608 3362 a
635 3317 692 3363 me
720 3290 863 3366 insidias
899 3307 1078 3391 metuunt,
1109 3318 1176 3365 nec
1209 3306 1338 3393 putant

333 3417 366 3488 ei
391 3415 509 3489 deesse
534 3442 696 3490 nummos
721 3442 842 3517 posse,
868 3419 928 3518 qui
954 3445 997 3490 ex
1023 3418 1210 3492 obsidione
1240 3419 1335 3492 sene-

333 3555 466 3614 ratores
486 3558 514 3594 ¹⁰
540 3544 713 3616 exemerit.
740 3543 894 3615 Omnino
931 3543 1130 3616 semissibus
1151 3559 1179 3593 ¹¹
1208 3555 1334 3642 magua

334 3667 437 3766 copia
462 3681 523 3740 est.
549 3669 626 3766 Ego
652 3683 768 3741 autem
793 3668 879 3741 meis
905 3667 1010 3741 rebus
1037 3669 1141 3766 gestis
1167 3667 1238 3741 hoc
1257 3695 1335 3742 sum

333 3806 511 3866 assecutus
518 3850 528 3894 ,
553 3808 593 3865 ut
617 3793 751 3867 bouum
775 3817 906 3866 nomen
925 3805 953 3842 ¹²
980 3793 1164 3865 existimer.

384 3918 584 3992 3Domum
618 3933 714 3992 tuam
747 3931 851 4018 atque
877 3916 1159 3992 aedificationem
1191 3945 1335 3994 omnem
1391 3987 1395 3992 .

332 4045 510 4144 perspexi,
535 4057 571 4116 et
595 4045 821 4118 vehementer
844 4041 1002 4144 probavi.
