2882 5002
328 393 375 472 82
454 478 456 486 Ι
694 414 860 462 εΡιετοι,Α
890 419 958 464 xix.
1111 415 1301 478 t.v.c.o92

327 513 432 586 missa
455 517 618 612 patravit.
643 515 699 587 Tu
723 517 889 590 mandata
921 516 1019 590 effice
1035 513 1079 614 ⁴²,
1105 543 1194 619 quae
1227 545 1325 591 rece·

327 639 419 738 pisti.
444 640 597 733 Quintus
621 633 739 740 irater,
764 643 824 743 qui
852 641 1043 741 Argiletani
1069 642 1219 714 aedificii
1246 643 1324 715 reli-

220 835 224 844 ,
328 791 435 865 quum
453 765 662 842 dodrantem
678 768 803 841 emitl³
820 769 904 842 H-S.
926 795 1072 868 cccxxv,
1084 769 1325 843 Tusculanum

329 891 502 990 venditat,
527 906 582 992 ut,
606 895 637 968 si
661 897 790 996 possit,
816 910 908 970 emat
932 895 1146 970 Pacilianam
1166 895 1324 968 domum.

327 1015 416 1088 Cum
445 1019 598 1098 Lucceio
631 1022 668 1091 in
700 1021 845 1118 gratiam
877 1021 972 1119 redi3
1005 1020 1109 1094 video
1141 1021 1325 1094 hominem

326 1140 428 1214 valde
445 1145 624 1244 petiturire
636 1144 678 1216 44,
696 1146 843 1221 Navabo
860 1173 1013 1248 operam.
1031 1147 1087 1219 Tu
1093 1203 1103 1244 7
1120 1147 1206 1248 quid
1224 1173 1325 1246 agas,

229 1364 235 1376 .
327 1265 385 1342 ubi
412 1269 480 1368 sis,
512 1272 706 1346 cuiusmodi
738 1273 824 1346 istae
849 1299 904 1346 res
928 1275 1020 1371 sint,
1043 1272 1106 1348 ,fac
1132 1299 1189 1348 me
1216 1300 1324 1376 quam

327 1391 588 1510 diligentissime
604 1399 804 1508 certiorem.
831 1398 952 1472 Idibus
978 1399 1079 1472 Febr.

782 1651 867 1724 XX·
1074 1686 1128 1748 (aa
1143 1692 1195 1738 Διι.
1210 1692 1237 1749 ι,
1254 1691 1302 1744 rs)

325 1819 542 1898 Argumentum.
568 1848 577 1885 t
601 1829 703 1887 Asiam
723 1831 911 1910 provinciam
932 1829 1047 1907 Quinto
1066 1826 1153 1888 fratri
1179 1825 1324 1906 obtigisse

363 1931 496 2004 nuntiat3
528 1949 550 1990 a
567 1933 640 2012 quid
666 1933 703 1993 de
733 1937 793 1994 suis
814 1932 980 2005 mandatis,
1004 1943 1035 1994 et
1054 1931 1092 1992 de
1112 1933 1203 1992 Attici
1227 1933 1324 2013 ipsius

363 2039 489 2116 negotiis
509 2050 609 2099 actum
631 2041 684 2111 sit,
705 2051 739 2099 ut
760 2038 890 2110 scribat,
910 2049 1006 2120 rogat.

495 2245 551 2296 Sor.
572 2246 666 2297 Romae
685 2247 715 2296 A.
735 2245 767 2298 V.
785 2245 814 2298 C.
834 2241 960 2308 DCXCll,
981 2231 1047 2295 Idib.
1066 2243 1142 2295 Marta

637 2443 781 2506 CICERO
807 2440 956 2505 ATTICO
981 2443 1011 2504 S.

376 2675 388 2721 1
419 2648 538 2720 A'siam
570 2650 721 2749 Quinto,
750 2648 960 2721 'suavissimo
998 2646 1093 2718 fratri
1105 2701 1115 2744 7
1152 2646 1321 2744 obtigisse

322 2774 464 2848 audisti:
489 2802 562 2849 non
587 2768 680 2866 enim
706 2774 848 2873 dubito,
881 2772 966 2873 quin
991 2771 1134 2844 celerius
1160 2771 1227 2844 tibi
1251 2771 1322 2845 hoc

321 2924 460 2998 rumor,
496 2927 602 3002 quam
639 2899 742 2972 ullius
781 2911 940 2972 nostrum
972 2896 1091 2970 literae
1116 2897 1322 2969 nuntiarint.

320 3023 423 3098 Nunc
449 3026 625 3126 *quoniam
658 3039 694 3097 at
730 3025 843 3098 laudis
874 3022 1064 3098 avidissimi
1090 3048 1229 3121 semper
1254 3023 1324 3093 fui-

320 3174 414 3245 ruus,
446 3162 503 3248 et,
527 3163 669 3250 praeter
691 3163 840 3247 ceteroS,
865 3152 1035 3234 oriemur
1072 3159 1108 3220 et
1139 3174 1259 3219 sumus
1285 3161 1327 3220 et

319 3271 503 3373 habemur,
527 3287 563 3348 et
587 3274 778 3348 multorum
804 3273 885 3347 odia
910 3285 1015 3375 atque
1041 3272 1241 3346 inimicitias
1271 3275 1328 3346 rei

319 3396 481 3498 publicae
506 3426 610 3472 causa
636 3399 869 3499 suscepimus3
901 3401 1039 3479 παντοίης
1072 3405 1179 3494 ἀρετῆς
1207 3406 1328 3490 μιμνή-

319 3553 405 3620 σκεο,
443 3551 593 3628 curaque
626 3525 724 3598 effice
745 3540 768 3624 ¹,
802 3538 842 3596 ut
876 3521 920 3595 ab
952 3520 1117 3595 omnibus
1142 3539 1180 3594 et
1204 3521 1330 3594 laude-

318 3675 397 3721 mur·
422 3662 458 3722 et
483 3676 648 3723 amemur.
673 3651 738 3723 His
764 3647 938 3722 derebus
963 3645 1064 3747 plura
1091 3647 1137 3719 ad
1164 3662 1198 3719 te
1225 3649 1261 3719 iu
1280 3674 1332 3721 ea

318 3776 464 3876 epistola
492 3777 659 3875 scribam,
686 3803 791 3876 quarn
816 3774 881 3873 ipsi
911 3775 1045 3862 Quinto
1072 3773 1174 3846 dabo.

369 3902 470 3976 2Tu
504 3929 582 4000 rue,
619 3901 744 3999 velim,
779 3901 961 3974 certiorem
1000 3899 1123 3997 facias,
1161 3900 1246 4001 quid
1278 3901 1334 3974 de
