2932 5000
256 457 258 462 ·
337 430 408 524 422
701 441 970 493 sunornrionus

373 563 503 621 rectum,
523 559 553 608 et
574 547 688 606 ironice
705 545 831 615 dictum.
848 543 1105 624 consanguineus,
1123 543 1186 602 scil.
1207 541 1340 602 Clodius.

377 656 533 738 Ingredere
553 665 598 714 est
617 674 675 736 pro
696 653 822 735 simplici
844 651 992 732 gradior,
1009 649 1129 721 meede,
1158 651 1243 730 Virg.
1266 652 1341 710 Aen.

338 809 341 816 Δ
373 767 433 838 Vl,
452 763 515 844 157.
528 759 697 840 Ingreditur
709 761 840 842 linquens
853 773 987 834 annum,
1001 758 1134 838 Vulgata
1145 753 1196 818 Ps.
1205 757 1293 828 XIV,
1306 778 1341 816 2:

377 871 438 952 Qui
455 867 619 948 lngmdimr·
632 867 693 930 sine
713 867 847 940 inaciilng
861 866 992 925 Plancus
1011 861 1162 924 ilc-llutre
1183 860 1239 924 suo
1260 864 1344 922 vole-

374 977 541 1046 tudinario,
562 995 609 1056 ep.¹
628 972 816 1042 DCGCXX,
846 991 936 1053 quum
954 969 1087 1052 primum.
1104 968 1217 1049 ingredi
1235 971 1340 1050 coepit.

375 1083 459 1143 Infra
479 1081 545 1142 edd.
568 1079 636 1140 Ald,
657 1079 749 1140 Herv.
771 1077 909 1162 quodque
928 1081 1093 1152 maximum
1111 1090 1162 1136 esc
1247 1113 1251 1118 -

337 1191 409 1252 &Si
429 1191 556 1250 comitiis
586 1186 754 1248 tribuniciis
785 1207 847 1248 non
865 1188 1033 1268 potueris,
1065 1194 1146 1245 certe
1167 1186 1191 1242 si
1215 1181 1341 1242 Clodius

376 1297 515 1357 tribunus
536 1295 576 1377 pl.
599 1294 766 1354 declaratus
787 1296 852 1354 erit.
872 1285 991 1353 Sclziilz.

527 1512 607 1562 ,ι’
731 1505 897 1564 ⁵*L.'

343 1744 353 1781 1
376 1722 530 1782 Panniculo
548 1719 602 1780 red
614 1721 736 1779 inservit
749 1718 950 1790 resumendae
959 1720 1136 1789 sententiae,
1158 1717 1219 1778 boc
1231 1717 1343 1778 modo:

377 1827 444 1902 sed,
464 1849 500 1888 ne
519 1829 559 1888 sis
575 1828 782 1908 perturbatus,
803 1847 850 1886 res
870 1838 913 1885 est
933 1837 1006 1898 etc,
1028 1825 1110 1906 quod
1130 1828 1192 1884 iam
1215 1825 1346 1908 Molasp.

378 1933 597 1996 animadvertit.
619 1934 701 1994 Tum
723 1933 893 2004 Victorius,
915 1953 1007 2014 quem
1032 1931 1083 1992 hle
1110 1935 1249 2013 sequitur
1276 1932 1345 1992 Oli-

379 2052 481 2110 vetus,
502 2040 600 2114 aditu,
623 2039 705 2120 quod
726 2059 782 2099 nec
799 2039 872 2099 libri
893 2049 965 2099 vein
986 2037 1191 2110 habenunec
1211 2037 1297 2098 adire
1319 2049 1348 2099 et

379 2149 461 2208 exire
482 2150 559 2207 inter
580 2165 610 2206 sc
625 2155 838 2230 opponuntur,
857 2158 892 2206 ut
906 2157 1011 2206 contro
1024 2147 1198 2208 Victorium
1209 2145 1349 2227 disputat

379 2254 555 2315 Lambinus.

341 2382 359 2419 2
379 2361 457 2421 Edd.
479 2370 550 2420 vett.
568 2359 704 2431 Vectius,
726 2359 808 2440 quod
821 2381 859 2419 ne
874 2361 1043 2440 legitimum
1065 2369 1170 2440 putem
1186 2360 1258 2416 facit
1272 2359 1348 2430 Dio,
1454 2369 1455 2378 ¹

382 2469 434 2548 qui
450 2466 576 2520 nosnos
592 2467 680 2547 legit,
693 2468 728 2525 L.
740 2466 907 2536 XXXVII,
923 2487 948 2524 c.
962 2467 1014 2541 ίμ,
1027 2476 1057 2524 et
1070 2464 1255 2533 XXXVIII,
1270 2485 1298 2546 9.
1314 2466 1349 2522 ln

380 2575 472 2632 lnscs.
487 2571 609 2632 Mediol.
633 2574 763 2652 (Amuli,
778 2571 931 2633 Antichnn
948 2571 979 2631 di
1001 2571 1131 2641 Milano,
1152 2570 1230 2630 Tav.
1242 2569 1346 2646 XXI)

383 2679 419 2740 V
415 2680 495 2738 enirn.
528 2678 620 2739 Index
644 2691 746 2739 nutem
773 2679 892 2741 Vestius
915 2677 974 2738 fuit
1000 2679 1032 2736 in
1060 2676 1210 2736 Catilinae
1243 2679 1349 2734 coniu-

381 2790 512 2860 ratione,
532 2787 570 2847 de
592 2804 652 2868 qua
664 2788 732 2846 ¹Dio
746 2788 815 2848 Lib.
828 2785 995 2856 XXXVII,
1015 2806 1033 2844 c
1055 2785 1104 2860 41.
1126 2785 1235 2863 ltaque
1248 2784 1348 2844 minus
1454 2833 1455 2860 ,

380 2893 458 2954 bene
478 2895 605 2956 Vrsiuus
631 2904 661 2954 et
688 2895 791 2953 lunius
813 2914 846 2952 ex
873 2891 1004 2954 denariis
1023 2888 1223 2970 corrigebant
1249 2887 1348 2948 ludex.
1454 2909 1455 2924 ¹

383 2999 466 3060 Alius
487 3003 567 3060 enim
588 3011 653 3060 erat
677 2999 711 3060 Τ.
734 3000 851 3061 Vettius
871 2997 987 3059 Iudam

344 3109 362 3166 3
383 3107 447 3184 Qui
467 3117 533 3166 tum
548 3106 667 3176 Co'csnri
682 3105 915 3180 adversabatur3
936 3107 984 3165 cui
996 3103 1066 3166 idco
1081 3105 1241 3184 negotium
1253 3103 1348 3162 creari

382 3215 503 3274 uolebat
523 3215 645 3288 Caesar,
666 3226 708 3274 un
726 3235 795 3275 eum
814 3213 853 3274 de
874 3211 974 3273 medio
999 3212 1128 3272 ¹tolleret
1153 3211 1190 3271 V
1187 3223 1198 3268 ι
1224 3209 1349 3277 diceret,

382 3321 526 3379 nimirum
546 3322 668 3384 Vettius
686 3320 745 3382 boe
765 3341 903 3384 sermone
924 3320 1030 3380 elicere
1045 3303 1199 3379 volebnte
1214 3316 1349 3376 Curione

384 3427 512 3508 aliquid,
532 3448 568 3487 ex
588 3443 651 3509 quo
671 3430 773 3511 posset
790 3447 862 3488 eum
883 3426 1044 3488 necu'snre.»
1083 3450 1086 3459 ·
1161 3453 1164 3462 ⁴
1454 3493 1455 3500 ἵ

344 3534 479 3610 4Ιᾱεεῐ,
499 3555 645 3618 umquam
667 3557 698 3596 se
719 3555 788 3596 cum
809 3556 846 3596 eo
867 3533 995 3606 verbum
1014 3544 1233 3603 commutasse,
1255 3530 1349 3591 collo·
1454 3525 1455 3540 ¹

385 3652 489 3702 cutum
503 3665 579 3719 esse3
599 3664 638 3704 no
651 3637 981 3725 breviterquidemmt
1001 3640 1050 3712 fit,
1071 3659 1167 3720 quum
1181 3642 1214 3698 in
1228 3641 1278 3698 vin
1292 3636 1351 3694 sibi

385 3760 576 3809 occurrentes
605 3753 761 3823 resistunt,
779 3749 862 3831 quod
891 3761 934 3810 ost
964 3749 1125 3830 proprium
1144 3745 1188 3805 de
1204 3744 1258 3804 tali
1280 3764 1353 3803 con-

386 3874 490 3933 gressu
515 3855 652 3916 verbum.
679 3857 751 3918 Ern.
781 3858 886 3937 Itaque
907 3854 983 3916 nibil
1008 3874 1084 3935 opus
1105 3854 1259 3932 corrigere
1279 3871 1351 3909 cum

385 3960 491 4022 Lamb.
512 3964 678 4024 comliulse.
711 3967 712 3973 ’
