2886 5000
327 351 396 426 186
607 379 610 384 ’
678 371 850 424 cessrunt
875 377 966 426 xxix.
1099 375 1129 426 Α.
1146 379 1180 428 v.
1198 381 1227 428 c.
1245 379 1294 432 ssa

321 475 476 551 dicundo
492 473 536 541 43'
557 475 743 576 severitas,
775 477 968 550 dummodo
1006 503 1046 548 ea
1083 504 1129 550 ne
1161 483 1318 556 varietur

319 604 443 703 gratia,
459 601 522 676 sed
535 617 760 677 conservetur
772 602 969 704 aequabilis.
990 602 1060 676 Sed
1077 617 1195 678 tamen
1212 608 1319 705 parvi

318 730 422 804 refert
447 727 568 801 abste
593 730 673 830 ipso
698 729 752 801 ius
778 727 848 802 dici
874 727 1100 831 aequabiliter
1115 744 1151 803 et
1169 731 1319 830 diligen-

319 869 388 954 ter,
412 855 479 928 nisi
503 853 598 929 idem
623 854 668 928 ab
691 855 733 928 iis
759 856 836 952 fiet,
861 855 988 956 quibus
1014 869 1052 928 tu
1070 857 1143 929 eius
1161 860 1318 931 muneris

232 1061 235 1074 f
317 979 470 1082 aliquam
492 994 630 1081 partem
656 979 876 1055 concesseris.
902 984 954 1054 Ac
979 981 1066 1054 mihi
1090 981 1234 1084 quidem
1264 985 1320 1056 vi-

318 1105 420 1182 detur
444 1131 518 1182 non
542 1132 625 1182 sane
652 1132 778 1205 magna
803 1107 951 1180 varietas
985 1132 1060 1180 esse
1092 1109 1318 1205 negotiorum

315 1233 354 1306 in
378 1232 652 1306 administranda
676 1234 777 1332 Asia,
801 1232 866 1306 sed
893 1259 933 1306 ea
966 1247 1041 1306 tota
1074 1233 1318 1307 iurisdictione

314 1360 464 1431 maxime
481 1360 651 1432 sustineri.
675 1360 718 1431 In
735 1384 804 1460 qna
824 1359 990 1432 scientiae
1009 1359 1215 1459 praesertim
1232 1385 1319 1459 pro-

314 1482 472 1558 vincialis
490 1485 577 1560 ratio
603 1485 679 1584 ipsa
703 1485 867 1584 expedita
893 1497 946 1558 est
961 1483 1011 1558 u:
1038 1485 1237 1558 constantia
1262 1499 1319 1558 est

314 1609 512 1682 adhibenda
537 1623 573 1682 et
605 1611 774 1709 gravitas,
803 1637 892 1711 quae
924 1612 1062 1684 resistat
1094 1635 1168 1683 non
1199 1609 1316 1684 solum

313 1737 461 1834 gratiae,
485 1761 607 1809 verum
632 1737 738 1808 etiam
763 1736 963 1835 suspicioni.
1070 1715 1074 1724 ⁸

362 1863 386 1934 8
409 1860 641 1958 Adiungenda
666 1862 772 1932 etiam
797 1875 851 1934 est
874 1861 1020 1934 facilitas
1047 1861 1083 1932 in
1112 1859 1317 1958 audiendo,

313 1985 437 2058 lenitas
462 1987 500 2057 in
525 1986 765 2085 decernendo,
788 1988 826 2058 in
855 1985 1102 2060 satisfaciendo
1127 2013 1169 2058 ac
1195 1985 1316 2085 dispu-

312 2110 422 2184 tando
448 2110 634 2210 diligentia.
668 2112 732 2184 His
758 2111 861 2184 rebus
886 2137 999 2212 nuper
1028 2113 1066 2184 C.
1095 2111 1265 2184 Octavius
1282 2109 1317 2176 4⁵

312 2236 582 2310 iucundissimus
595 2236 676 2336 suit3
696 2237 792 2337 apud
810 2263 914 2339 quem
930 2239 1083 2338 primum
1098 2235 1202 2309 lictor
1220 2236 1316 2336 quie·

310 2363 385 2463 vit3
410 2363 519 2436 tacuit
544 2390 728 2463 accensus3
754 2365 890 2465 quoties
923 2365 1069 2465 quisque
1096 2361 1225 2457 voluit,
1261 2361 1316 2434 di-

310 2490 362 2562 xit
367 2546 379 2588 7
404 2503 440 2562 et
456 2515 562 2592 quam
578 2489 690 2562 voluit
716 2490 785 2561 diu.
811 2489 948 2584 Quibus
965 2489 1022 2561 ille
1039 2487 1143 2562 rebus
1164 2487 1314 2561 fortasse

201 2671 204 2677 Α
309 2615 412 2688 nimis
437 2614 525 2688 lenis
551 2614 743 2714 videretur,
769 2617 836 2688 nisi
860 2615 948 2688 haec
972 2614 1097 2688 lenitas
1129 2612 1227 2684 illam
1258 2639 1314 2686 se-

308 2742 491 2815 veritatem
509 2755 672 2815 tueretur.
698 2741 923 2840 Cogebantur
939 2741 1073 2813 Sullani
1094 2739 1256 2812 homines
1270 2736 1318 2834 4⁶,

309 2891 398 2964 quae
422 2892 487 2965 per
510 2868 583 2938 vim
600 2879 636 2940 et
651 2881 785 2940 metum
805 2867 1037 2964 abstulerant,
1061 2865 1218 2938 reddere.
1238 2863 1314 2955 Qui

307 2987 345 3059 in
361 2992 619 3088 magistratibus
636 2993 800 3067 iniuriose
818 2993 1061 3090 decreverant,
1078 2989 1207 3063 eodem
1224 2990 1311 3088 ipsis

307 3113 454 3214 privatis
479 3129 554 3190 erat
577 3119 651 3190 iure
676 3119 880 3218 parendum.
906 3119 1003 3191 Haec
1028 3116 1119 3189 illius
1140 3117 1311 3190 severitas

308 3239 433 3314 acerba
457 3241 651 3342 videretur,
676 3247 742 3318 nisi
767 3245 885 3318 multis
918 3243 1152 3317 condimentis
1184 3241 1316 3313 hnma-

306 3365 427 3439 nitatis
463 3369 687 3467 mitigaretur.
724 3369 832 3463 Quod
864 3372 893 3443 si
926 3370 1013 3443 baec
1047 3357 1173 3442 lenitas
1211 3379 1311 3466 grata

306 3488 439 3564 Romae
471 3507 539 3593 est,
562 3495 624 3614 ubi
649 3510 746 3570 tanta
773 3496 969 3595 arrogantia
987 3493 1019 3561 4⁷
1046 3508 1113 3591 est,
1137 3506 1211 3565 tam
1243 3492 1313 3562 im-

234 3654 238 3663 ·
305 3616 486 3692 moderata
518 3618 682 3721 libertas,
713 3636 788 3696 tam
819 3623 952 3694 infinita
988 3620 1172 3693 hominum
1205 3617 1316 3688 licen-

305 3741 371 3840 tia,
397 3742 546 3848 denique
578 3761 633 3821 tot
666 3750 908 3846 magistratus,
934 3759 990 3819 tot
1022 3744 1174 3841 auxilia,
1206 3755 1311 3816 tanta

305 3865 375 3965 vis,
400 3882 497 3944 tanta
523 3889 661 3966 senatus
688 3876 892 3948 auctoritas:
918 3898 1023 3973 qnam
1048 3869 1202 3950 iucunda
1227 3883 1314 3940 tan-
