2924 5002
323 375 393 448 352
685 394 953 448 Auuornrrouas

313 502 360 564 ,13
381 499 450 560 Scil.
476 499 652 580 Pompeius,
680 499 763 580 quod
789 521 853 561 non
879 512 940 564 tam
968 507 1086 581 aperte,
1112 509 1147 559 ut
1175 499 1316 573 Crassus,

360 607 548 670 consulatum
569 625 671 690 meum
692 606 850 668 laudasset.

324 716 359 790 ¹4
378 713 436 772 Ed.
450 735 525 774 rom.
536 714 808 785 moderationibus,
822 715 954 774 omnihus
967 713 1062 772 literis.
1085 681 1188 774 biteris
1201 725 1317 798 ὑπερβο·

359 829 438 888 issue
459 819 572 880 dictum
593 831 637 880 est
656 841 714 902 pro
734 822 849 902 scriptis
869 821 962 890 libris,
986 818 1173 880 orationibus
1198 824 1231 880 in
1258 823 1318 902 pri-

358 928 430 998 mis,
450 938 484 986 ut
504 925 581 987 bene
593 928 711 986 notavit
724 927 890 987 Ernestius.
912 927 994 986 Loca
1007 925 1210 1007 Pompeianae
1222 926 1318 988 laudis
1395 907 1398 912 Ι

359 1033 476 1114 aliquot
496 1033 584 1093 affert
605 1033 759 1092 Manutius
785 1054 842 1114 pro
864 1035 898 1100 L.
919 1031 1063 1103 Manilia,
1084 1054 1109 1090 c.
1135 1053 1185 1103 11,
1206 1045 1236 1094 et
1262 1052 1317 1114 pro

360 1139 475 1210 Sextio,
497 1161 521 1199 e.
544 1141 597 1214 313
618 1161 695 1220 quae
716 1138 793 1200 vide.

325 1245 360 1306 15
380 1247 477 1306 Huius
498 1246 616 1328 periodi
637 1247 721 1306 color
742 1246 821 1306 idem
844 1256 901 1316 est,
922 1267 957 1304 ac
976 1245 1027 1310 Ille
1041 1248 1072 1304 in
1086 1265 1154 1327 epp.
1168 1245 1261 1319 Vlll,
1283 1265 1315 1316 2,

361 1363 390 1412 et
411 1351 635 1423 CCCXCVIII,
655 1353 683 1428 4.
705 1355 811 1433 ltaque
832 1373 901 1412 eum
916 1352 996 1411 lllan.
1008 1353 1251 1432 interrogationis
1262 1373 1318 1411 uo-

359 1469 422 1518 tam
443 1457 651 1531 adhibuimus,
672 1480 749 1540 quae
771 1459 837 1518 aliis
858 1458 952 1520 abest.

325 1565 360 1626 16
380 1565 449 1626 Scil.
470 1567 626 1648 Pompeio.
646 1565 755 1649 Aperte
768 1566 844 1635 scil,
864 1576 898 1625 ut
912 1565 1039 1647 explicat
1053 1563 1197 1636 casaub,
1211 1568 1314 1647 accepi

359 1684 477 1762 aperte,
497 1685 527 1734 et
539 1673 640 1756 palam
653 1674 801 1755 Pompeio
815 1675 925 1754 gratias
939 1675 1003 1753 egi,
1023 1691 1061 1732 ue
1074 1674 1138 1732 eius
1152 1673 1314 1731 amicitiam

358 1781 586 1862 negligerepro
607 1780 716 1842 Crasso
736 1780 864 1841 viderer.
885 1779 1041 1838 Schtitzius
1063 1778 1110 1838 vel
1131 1792 1234 1858 operto
1248 1800 1325 1838 cora·

358 1888 429 1966 rigit
451 1885 607 1963 (εἰρωνικῶς
629 1887 690 1946 scil.
711 1886 825 1946 dictum
846 1886 884 1946 de
904 1887 1069 1966 Pompeio,
1090 1887 1141 1966 qu‘i
1161 1886 1317 1947 simulator

359 2003 443 2066 erat,
463 2015 530 2075 epp.
552 2014 618 2075 sup.
633 1993 668 2068 4,
688 1992 804 2064 LXIII,
825 1993 860 2068 4,
875 2003 905 2052 et
918 1992 1044 2063 CXCII,
1065 1993 1116 2070 3),
1136 1993 1184 2051 vel
1198 2005 1316 2072 aperta,

358 2109 393 2160 ut
412 2120 480 2160 eum
502 2100 608 2162 Cicero
629 2098 774 2180 Apollinis
794 2098 898 2180 Pythii
912 2101 1034 2160 nomine
1048 2098 1197 2179 designet,
1212 2102 1264 2179 qui
1285 2101 1315 2157 iu

360 2206 488 2267 oraculis
508 2217 586 2272 tecta
606 2217 636 2266 et
656 2206 797 2288 perplexa
818 2205 948 2266 dictione
968 2205 1117 2272 utebatur.

324 2332 357 2390 17
378 2311 524 2394 Pompeio
544 2331 642 2394 nuper
662 2334 678 2372 e
698 2312 779 2374 bello
800 2312 1004 2401 Mithridatico
1017 2329 1155 2382 'reuerso

325 2415 359 2476 18
378 2418 515 2479 Praecise
535 2419 668 2490 dictum,
689 2430 718 2480 et
738 2419 958 2489 vehementius,
987 2439 1077 2499 quam
1105 2421 1128 2478 si
1142 2397 1318 2479 'addidisset

359 2523 495 2598 adhibui,
514 2536 549 2585 nt
569 2537 599 2586 et
618 2525 708 2598 illud,
730 2525 813 2606 quod
833 2547 902 2586 mox
923 2529 1075 2606 sequitur,
1095 2526 1248 2586 clamores.

324 2652 358 2711 ¹9
379 2629 447 2690 Scil.
468 2634 621 2707 senatorii3
641 2631 679 2692 de
699 2634 826 2714 equestri
844 2630 1015 2703 concordia,
1036 2634 1180 2690 nimirum
1203 2632 1316 2694 ordinis

359 2740 503 2818 equestris
517 2760 534 2796 a
547 2760 596 2798 me
610 2741 770 2799 constituta
778 2783 788 2811 ,
808 2761 854 2820 ep.
869 2739 988 2809 XXVI,
1009 2737 1045 2812 63
1064 2736 1101 2796 de
1114 2739 1317 2806 consensione,

358 2842 397 2901 ad
417 2865 606 2906 communem
628 2845 771 2916 salutem,
793 2845 848 2904 Or.
871 2865 903 2916 a,
920 2855 949 2904 et
967 2847 986 2921 4
1006 2848 1038 2904 in
1060 2845 1122 2904 Cat.
1141 2843 1179 2902 de
1194 2844 1316 2916 vilitate3

356 2951 499 3008 nimirum
514 2972 660 3024 annonae,
673 2951 713 3010 ob
724 2951 944 3036 praefecturam
958 2972 1095 3019 annonae
1105 2950 1256 3029 Pompeio
1268 2949 1317 3012 de-

359 3067 486 3128 cretam,
500 3057 651 3128 adnitente
677 3058 835 3129 Cicerone,
856 3079 903 3139 ep.
918 3057 1063 3116 LXXVII
1099 3077 1125 3116 π.
1147 3056 1317 3116 Inznzortrus

357 3159 497 3223 Ernestio
510 3184 571 3223 nou
585 3163 737 3244 placebat,
752 3164 834 3244 quod
848 3165 1015 3223 immortuus
1014 3047 1086 3328 fi
1099 3165 1151 3242 qui
1166 3164 1195 3220 in
1213 3160 1317 3242 aliquo

358 3277 441 3335 actu,
461 3271 524 3328 sive
544 3281 653 3330 conatu
673 3281 810 3338 marmus
832 3280 890 3341 est,
912 3269 1013 3349 quod
1035 3291 1051 3328 e
1072 3268 1257 3328 Catilinariis
1270 3289 1316 3327 re-

357 3370 458 3451 liquiis
485 3372 544 3433 dici
569 3396 631 3435 non
656 3388 772 3456 potest,
798 3398 875 3457 quae
897 3397 957 3435 non
977 3377 1033 3436 nisi
1060 3396 1148 3434 anno
1167 3384 1238 3456 post
1265 3373 1318 3434 de-

359 3476 538 3557 prehensam
560 3484 795 3544 coniurationem
818 3481 953 3542 sublatae
974 3481 1103 3541 fuerunt.
1126 3481 1172 3540 De
1194 3481 1317 3550 vilitate,

359 3593 428 3641 vett.
443 3585 509 3644 edd.
523 3586 584 3647 sere
598 3609 663 3670 usq.
677 3589 742 3649 Ald.
757 3587 795 3648 cle
809 3589 949 3660 utilitate,
963 3588 1045 3668 quod
1059 3599 1160 3650 tamen
1170 3586 1250 3647 nihil
1264 3597 1317 3646 est.

319 3709 357 3748 20
379 3689 415 3748 H.
437 3712 461 3748 e.
487 3691 523 3752 de
543 3696 759 3776 tranquillitate
783 3693 903 3776 publica
933 3715 988 3776 per
1014 3693 1189 3753 Ciceronem
1216 3703 1318 3774 parta.

319 3797 350 3852 ἀι
376 3795 425 3855 Sic
445 3799 551 3860 melius
572 3803 795 3884 interpungitur
816 3801 923 3881 vulgo,
944 3811 979 3858 ut
1001 3801 1074 3858 tanti
1098 3799 1249 3860 referatur
1274 3797 1318 3857 ad

356 3905 472 3966 sonitus.
494 3908 566 3968 Fuit
579 3909 755 3990 aliquando,
770 3929 863 3992 quum
884 3907 1065 3986 distinguere
1080 3927 1148 3966 cum
1162 3905 1315 3968 Lambitto
