2882 5002
328 411 375 507 78
700 427 871 476 sorssors
896 431 966 478 x:x.
1120 425 1304 487 a.v.c.s92

325 559 424 631 men,
449 531 493 604 ab
518 529 578 603 iilo
598 533 627 582 ¹⁶
654 543 791 631 aperte,
817 543 908 603 tecte
926 529 1099 632 quidquid
1115 544 1170 604 est
1187 530 1327 632 datum,

326 658 476 731 libenter
500 657 628 758 accepi.
653 657 731 758 Ego
765 669 883 729 autem
915 657 1011 758 ipse,
1045 656 1097 731 dii
1128 657 1230 732 boni!
1257 684 1328 760 quo

326 783 435 857 modo
452 788 743 880 ἑνεπερπερευσάμην
758 807 854 856 novo
872 781 1025 856 auditori
1039 799 1069 849 ¹⁷
1086 783 1282 886 Pompeio?
1300 786 1330 858 si

327 935 494 1012 umquam
519 909 606 982 mihi
630 909 779 1008 περίοδοι,
804 911 834 981 si
850 911 982 1009 nausti,
1009 909 1039 982 si
1056 913 1273 1008 ἐνθυμήματα,
1299 911 1329 983 si

326 1040 505 1126 saturarat
531 1035 863 1138 suppeditaverunt,
887 1033 949 1109 illo
982 1047 1141 1136 tempore
1161 1037 1200 1108 ¹⁸.
1231 1036 1330 1130 Quid

327 1162 459 1236 multai
485 1163 663 1238 clamores.
687 1161 832 1236 Etenim
863 1159 950 1234 haec
983 1174 1059 1236 erat
1091 1164 1237 1241 ὑπόθεσις
1249 1217 1259 1259 ,
1285 1161 1329 1234 de

330 1290 499 1388 gravitate
516 1288 648 1362 ordinis
662 1304 702 1388 ¹9,
719 1286 764 1360 de
781 1287 933 1388 equestri
950 1286 1156 1385 concordia,
1181 1286 1226 1360 dc
1243 1312 1330 1362 con·

329 1416 490 1488 sensione
523 1414 664 1514 Italiae,
696 1413 740 1487 de
765 1413 962 1486 immortuis
988 1412 1143 1517 reliquiis
1168 1414 1329 1487 coniura-

330 1542 451 1640 tionis,
478 1540 522 1613 de
548 1540 703 1640 vilitate,
737 1539 781 1612 de
815 1541 930 1613 otior.
963 1539 1066 1613 Nosti
1098 1541 1170 1612 iarn
1200 1540 1239 1613 in
1263 1539 1330 1613 hac
1434 1575 1437 1580 ¹

292 1729 295 1734 .
328 1669 474 1740 materia
498 1667 633 1740 sonitus
657 1679 797 1740 nostros
815 1681 862 1737 ²¹:
889 1667 980 1739 tanti
1012 1664 1170 1765 fucmnt,
1198 1680 1240 1738 ut
1264 1692 1331 1765 ego

329 1818 372 1866 eo
404 1792 556 1866 breviori
576 1794 663 1892 sim,
689 1790 786 1895 quod
810 1817 871 1866 eos
903 1817 1015 1892 usque
1040 1792 1144 1864 istinc
1162 1808 1193 1840 ²²
1228 1817 1334 1866 exau-

330 1918 422 1992 ditos
447 1933 577 2020 putem.

378 2046 404 2120 6
427 2047 606 2120 Romanae
632 2057 750 2118 autem
778 2071 815 2116 se
848 2069 903 2116 res
938 2044 988 2116 sic
1014 2042 1155 2116 habent
1182 2043 1333 2118 Senatus

330 2179 430 2266 ἄρειας
455 2178 557 2266 πάγας.
582 2170 678 2248 Nihil
696 2170 929 2266 constantius,
954 2167 1041 2240 nihil
1058 2169 1229 2270 severius,
1247 2169 1338 2242 nihil

328 2297 461 2370 fortius.
478 2297 570 2372 Nam
587 2325 697 2398 quum
716 2297 792 2370 dies
811 2297 964 2370 verrnset
979 2295 1153 2393 rogationi
1164 2297 1196 2345 ²³
1215 2323 1259 2368 ex
1277 2323 1334 2370 se·

329 2436 434 2496 natus
450 2421 613 2497 consulto
631 2423 813 2524 ferendae,
840 2420 1098 2496 concursabant
1112 2420 1336 2496 bar-bstulit

328 2549 490 2651 invenes,
515 2564 614 2625 totus
639 2550 697 2624 ille
729 2575 812 2650 grex
837 2548 1026 2649 Catilinae,
1059 2547 1148 2620 duce
1181 2547 1290 2622 filiola
1305 2551 1337 2599 ²⁵

330 2676 508 2778 Curionis,
534 2691 570 2750 et
593 2659 765 2779 populum
773 2733 783 2776 7
808 2689 850 2749 ut
875 2676 1073 2777 antiquaret
1088 2678 1131 2775 ²⁶,
1148 2673 1336 2774 rogabant.

329 2801 413 2876 Piso
431 2817 548 2877 autem
565 2803 705 2904 consui,
722 2803 813 2878 lator
830 2801 1038 2902 rogationis,
1055 2799 1149 2872 idem
1167 2757 1245 2876 effic
1267 2801 1340 2875 dis-

331 2925 460 3002 suasor.
489 2929 635 3029 Operae‘
652 2927 849 3003 Clodianae¹
868 2941 997 3032 pontes
1022 2943 1249 3028 occuparant.
1267 2929 1338 3002 Ta-

330 3051 442 3126 hellae
467 3055 755 3146 ministrabantur
779 3057 845 3155 ita,
868 3069 910 3127 ut
934 3052 1030 3127 nulla
1056 3053 1199 3128 daretur
1210 3070 1241 3123 ²⁷
1269 3081 1338 3129 vri

333 3201 443 3252 nocis
462 3181 502 3251 2⁸.
528 3181 595 3256 Hic
622 3181 687 3254 tibi
711 3184 838 3256 Rostra
863 3183 953 3256 Cato
971 3197 1005 3248 ²9
1029 3178 1190 3279 advolat,
1215 3182 1340 3257 convi-

334 3303 427 3376 cium
452 3306 572 3380 Pisoni
598 3307 733 3382 consuli
750 3291 935 3382 nririficum
952 3307 1051 3406 facit5
1076 3307 1107 3378 si
1123 3304 1161 3378 id
1178 3319 1232 3379 est
1251 3333 1340 3382 con·

333 3429 483 3532 vicium,
509 3459 580 3507 vox
604 3435 708 3538 plena
734 3436 930 3535 gravitatis,
956 3433 1061 3534 plena
1094 3434 1342 3532 auctoritatis,

333 3553 438 3655 plena
456 3557 605 3662 denique
631 3562 759 3635 salutis.
785 3559 933 3635 Accedit
951 3557 1076 3632 eodem
1093 3559 1199 3631 etiam
1217 3574 1343 3633 noster

333 3681 563 3787 Hortensius,
596 3688 698 3761 multi
730 3701 910 3790 praeterea
942 3685 1036 3758 boni.
1069 3686 1218 3784 Insignis
1254 3711 1342 3760 vero

334 3833 441 3907 opera
473 3813 620 3887 Favonii
651 3815 724 3888 suit.
755 3817 833 3888 Hoc
868 3839 1040 3886 concursu
1074 3813 1292 3913 optimatum
1310 3815 1340 3863 ³⁰

335 3937 474 4010 comitia
511 3939 732 4017 dimittuntur
758 3945 804 4014 ³¹:
840 3941 988 4015 Senatus
1022 3952 1177 4013 vocatur.
1217 3941 1341 4034 Quum
