2882 5002
340 443 388 518 86
702 463 872 514 mrsrota
896 465 966 514 xxr.
1115 461 1145 510 Δ.
1163 465 1196 513 v.
1214 463 1243 513 c.
1258 463 1307 526 σῳ

339 569 404 641 tibi
427 593 582 668 unqtram
618 591 695 639 sum
721 569 815 640 visus
839 569 876 638 in
897 591 935 638 re
951 562 1093 664 publica
1109 561 1222 662 sortis,
1238 579 1333 638 certe

270 731 272 738 ·
337 719 397 767 me
419 695 456 766 in
481 693 539 766 illa
565 719 669 765 causa
693 691 882 780 admiratus
899 716 1000 764 esses.
1017 689 1137 781 Quum
1160 690 1252 761 enim
1275 689 1333 762 ille

339 819 383 892 ad
410 819 596 892 conciones
622 817 831 918 confugisset
843 834 870 916 ²,
885 817 924 888 in
948 816 1058 916 iisque
1083 840 1162 887 meo
1188 818 1332 888 nomine

205 961 219 989 ‘
338 945 385 1018 ad
409 945 579 1018 invidiam
610 956 782 1042 uteretur,
815 941 864 1015 dii
895 939 1125 1014 immortales!
1155 967 1240 1041 quas
1267 967 1333 1041 ego

336 1095 471 1170 pugnas
497 1083 533 1141 et
558 1083 704 1170 quantas
730 1082 861 1166 strages
886 1066 1001 1140 edidit
1018 1091 1106 1167 quos
1121 1067 1275 1166 impetus
1297 1069 1334 1140 in

336 1196 520 1292 Pisonem,
551 1195 589 1266 in
621 1193 829 1290 Curionem,
864 1193 902 1264 in
934 1205 1045 1276 totam
1068 1191 1165 1263 illam
1187 1217 1333 1265 manum

337 1318 423 1392 fecii
449 1344 519 1420 quo
544 1319 657 1392 modo.
677 1346 755 1392 sum
778 1319 968 1392 insectatus
993 1317 1171 1412 levitatem
1190 1343 1332 1415 senum,

335 1433 518 1518 libidinem
542 1441 758 1519 iuventutis?
791 1443 920 1541 Saepe,
951 1443 1000 1514 ita
1033 1468 1090 1514 me
1116 1440 1165 1513 dii
1189 1443 1332 1516 iuvent!

336 1583 373 1642 te
396 1595 469 1643 non
494 1570 607 1643 solum
633 1583 812 1642 auctorem
838 1568 1067 1660 consiliorum
1084 1593 1257 1665 meorum,
1276 1596 1331 1642 ve·

335 1722 414 1768 rum
438 1697 544 1768 etiam
569 1709 802 1796 spectatorem
818 1679 1017 1795 'pugnarum
1033 1695 1258 1767 mirificarum
1278 1696 1333 1768 de-

326 1801 495 1900 sideravi.
524 1824 652 1894 Postea
684 1847 768 1894 vero
794 1845 899 1922 quam
925 1820 1131 1894 Hortensius
1156 1823 1332 1920 excogita-

332 1946 402 2044 vit,
427 1959 467 2017 nt
490 1946 603 2046 legem
629 1945 672 2018 de
697 1946 863 2045 religione
888 1946 1009 2040 Fufius
1030 1945 1193 2019 tribunus
1219 1947 1332 2048 plebis

333 2067 459 2166 ferret,
490 2071 528 2144 in
564 2097 632 2173 qua
665 2071 753 2144 nihil
786 2070 881 2145 aliud
905 2097 926 2144 a
951 2059 1125 2144 consulari
1149 2074 1332 2171 rogatione

333 2191 537 2294 differebat,
573 2197 639 2268 nisi
670 2189 826 2279 iudicum
863 2219 970 2295 genus
987 2199 1026 2295 ³3
1057 2198 1116 2286 (in
1141 2223 1185 2270 eo
1212 2215 1332 2274 autem

334 2331 433 2390 erant
470 2320 608 2410 omnia)
647 2323 902 2424 pugnavitque,
935 2335 974 2393 ut
1002 2323 1051 2394 ita
1077 2324 1197 2396 fieret:
1236 2325 1332 2426 quod

333 2455 370 2514 et
394 2441 459 2515 sibi
494 2458 530 2515 et
555 2443 629 2518 aliis
654 2461 888 2546 persuaserat,
904 2445 1007 2520 nullis
1032 2445 1130 2522 illum
1153 2449 1330 2523 iudicibus

333 2567 482 2666 effugere
506 2596 623 2670 posse:
650 2573 806 2644 contraxi
832 2570 923 2671 vela,
939 2574 1155 2673 perspiciens
1171 2575 1331 2676 inopiam

331 2692 504 2793 iudicum,
535 2722 648 2794 neque
677 2697 748 2770 dixi
774 2700 960 2799 quicquam
985 2725 1050 2800 pro
1076 2702 1282 2776 testimonio
1299 2701 1334 2802 4,

330 2817 397 2889 nisi
423 2819 618 2919 quoderat
643 2823 691 2896 ita
716 2837 840 2898 notum
866 2837 969 2927 atque
994 2837 1178 2924 testatum,
1195 2840 1237 2898 ut
1260 2853 1334 2902 non

330 2967 471 3040 possem
496 2947 691 3049 praeterire.
906 3041 914 3060 Ι

381 3069 566 3169 altaque,
601 3069 631 3142 si
664 3076 804 3145 causam
829 3075 965 3174 qnaeris
997 3073 1243 3176 absolutionis,
1277 3088 1335 3165 (ut

327 3187 398 3261 iam
430 3197 503 3287 πρὸς
535 3198 568 3263 τό
604 3205 746 3293 πρότερᾳν
769 3210 966 3290 revertar)
1004 3215 1138 3299 egestas
1172 3201 1334 3276 iudicum

326 3313 413 3414 firit,
439 3329 474 3388 ct
499 3319 688 3418 turpitudo.
725 3321 767 3394 Id
804 3337 986 3418 autemut
1011 3325 1204 3426 accideret,
1231 3353 1331 3400 com-

211 3479 218 3486 ·
325 3439 470 3513 missum
495 3458 549 3516 est
573 3445 752 3520 Hortensii
783 3449 948 3523 consilio:
985 3440 1045 3553 ¹qui
1079 3453 1164 3525 dum
1199 3458 1334 3532 ueritus

325 3577 379 3636 est
388 3620 400 3663 ,
424 3593 469 3639 ne
495 3565 615 3645 Fufius
647 3574 679 3646 ei
712 3573 780 3672 legi
811 3576 1060 3676 intercederet,
1088 3606 1178 3680 quae
1205 3607 1251 3652 ex
1279 3608 1333 3654 se-

322 3701 427 3764 natus
452 3695 612 3770 consulto
644 3698 834 3798 ferebatur,
868 3727 942 3777 non
973 3702 1063 3777 vidit
1088 3704 1193 3802 illud,
1219 3710 1334 3780 satius

322 3838 411 3914 esse,
436 3816 533 3890 illum
556 3822 592 3896 in
617 3823 758 3895 infamia
776 3823 924 3926 relinqui
942 3853 983 3900 ac
1006 3829 1165 3902 sordibus
1178 3833 1203 3929 ⁵,
1221 3858 1335 3931 quam

320 3936 459 4014 infirmo
490 3943 620 4020 iudicio
653 3949 833 4021 committi.
875 3950 945 4026 Sed
978 3953 1103 4026 ductus
1132 3954 1215 4028 odio
1244 3983 1333 4057 pro-
