2886 5000
355 352 421 422 182
693 364 869 414 urrsrota
895 367 987 414 xxrx.
1119 363 1149 413 a.
1169 366 1203 416 v.
1223 366 1251 414 c.
1269 366 1318 418 sot

348 470 528 546 consulere
552 493 626 542 nou
648 481 780 542 curant.
805 470 919 569 Atque
937 467 1043 540 etiam
1059 492 1079 539 e
1096 468 1241 540 Graecis
1258 469 1341 568 ipsis

347 595 530 696 diligenter
555 593 730 668 cavendae
747 608 830 667 sunt
846 592 1019 695 quaedam
1037 593 1287 666 familiaritates
1301 596 1342 691 ³⁶,

343 735 483 825 praeter
506 721 976 820 hominum'perpaucorum‚
1002 719 1106 820 siqui
1126 732 1209 792 sunt
1225 733 1343 793 vetere

344 848 491 922 Graecia
518 845 622 944 digni.
647 845 705 918 Sic
729 870 814 918 vero
839 843 978 918 fallaces
995 857 1077 917 sunt
1101 843 1283 944 permulti,
1309 859 1343 916 et

341 971 456 1072 leves,
480 985 517 1076 et
541 971 705 1044 diuturna
737 970 903 1044 servitute
936 949 983 1043 ad
1014 971 1160 1043 nimiam
1191 983 1343 1044 assenta-

342 1099 476 1171 tionem
502 1095 637 1169 eruditi.
663 1096 764 1188 Quos
788 1119 853 1194 ego
878 1096 1062 1168 universos
1082 1093 1240 1167 adhiberi
1256 1093 1343 1166 lihe-

341 1222 481 1321 raliter,
512 1221 686 1321 optimum
722 1247 896 1323 quemque
929 1221 1087 1322 hospitio
1120 1220 1343 1321 amicitiaque

342 1347 507 1447 coniungi
532 1347 619 1444 dico
637 1360 800 1448 oportere
807 1374 818 1444 3
842 1346 970 1420 nimiae
1001 1345 1250 1420 familiaritates
1283 1371 1342 1418 eo-

340 1465 419 1548 rum
445 1499 559 1578 neque
583 1487 657 1546 tam
681 1471 801 1545 fideles
830 1485 932 1572 sunt,
957 1479 1049 1562 (non
1082 1472 1176 1546 enim
1209 1471 1343 1544 audent

341 1598 517 1674 adversari
548 1599 676 1680 nostris
708 1596 970 1688 voluntatibus)
990 1611 1040 1674 ct
1064 1621 1148 1672 vero
1180 1595 1343 1674 inrident

338 1749 413 1800 non
437 1725 566 1799 nostris
586 1726 616 1790 ³7
643 1724 774 1824 solum,
798 1749 920 1798 verum
946 1725 1052 1798 etiam
1077 1725 1157 1798 suis.
1196 1737 1199 1742 ’

387 1849 450 1922 VI.
474 1846 500 1924 6
524 1851 599 1922 Iam
617 1851 675 1950 qui
692 1850 730 1922 in
747 1847 918 1922 eiusmodi
935 1848 1056 1948 rebus,
1079 1850 1118 1920 in
1136 1848 1262 1951 quibus
1285 1875 1343 1952 ve·

337 2000 417 2050 reor
433 1976 600 2048 etiamne
618 1975 737 2049 durior
754 1976 832 2073 sim,
850 1989 977 2048 cautus
989 1999 1064 2049 esse
1081 1974 1187 2049 velim
1204 2001 1245 2048 ae
1266 1975 1343 2050 dili-

338 2126 438 2198 gens:
464 2126 533 2202 quo
558 2125 615 2172 me
633 2101 749 2173 animo
774 2099 812 2171 in
838 2084 957 2172 servos
984 2126 1058 2172 esse
1084 2099 1225 2173 censesl
1250 2127 1341 2202 quos

338 2225 480 2326 quidem
506 2253 615 2327 quum
631 2227 794 2300 omnihus
813 2228 849 2298 in
865 2226 968 2325 locis,
994 2241 1069 2300 tum
1085 2229 1277 2328 praecipue
1303 2230 1342 2300 in

336 2352 526 2450 provinciis
550 2378 668 2450 regere
695 2351 878 2426 debemus:
904 2378 974 2454 quo
1001 2352 1046 2426 de
1072 2379 1197 2452 genere
1226 2353 1341 2426 multa

336 2477 491 2576 praecipi
517 2490 674 2578 possunt.
701 2477 771 2550 Sed
796 2478 865 2551 hcc
891 2492 927 2551 et
950 2478 1193 2552 brevissimum
1215 2493 1287 2578 est,
1305 2493 1344 2551 et

335 2601 497 2675 facillime
523 2604 634 2676 teneri
659 2617 794 2702 potest,
823 2618 863 2676 ut
894 2604 942 2676 ita
969 2630 1005 2677 se
1040 2618 1162 2704 gerant
1192 2605 1230 2676 in
1262 2606 1341 2677 istis

335 2726 496 2801 Asiaticis
521 2727 721 2827 itineribus,
745 2743 785 2800 ut
810 2731 840 2802 si
857 2730 923 2802 iter
939 2731 1055 2831 Appia
1071 2731 1127 2804 via
1151 2729 1282 2802 faceres
1296 2731 1341 2827 ³⁸,

334 2877 424 2925 neve
452 2854 617 2926 interesse
651 2853 839 2955 quicquam
870 2869 1019 2957 putent²
1050 2870 1169 2929 utrum
1201 2855 1340 2929 Tralles

335 3001 380 3047 an
405 2977 563 3050 Formias
588 2981 834 3053 venerint..Ac
860 2981 888 3054 si
914 2983 991 3082 quis
1009 2983 1041 3048 ³9
1067 2995 1121 3054 est
1150 3006 1203 3082 ex·
1226 2983 1340 3054 servis

334 3101 469 3200 egregie
486 3102 611 3202 fidelis,
635 3105 681 3177 sit
697 3105 734 3177 in
752 3105 952 3214 domcsp'cis
969 3107 1092 3207 rebus,
1117 3122 1153 3180 et
1170 3083 1321 3207 privatis
1328 3135 1341 3205 3
1433 3099 1434 3106 ἵ

333 3250 421 3326 quae
445 3252 501 3300 res
519 3227 564 3300 ad
581 3229 734 3304 officium
751 3232 886 3332 imperii
905 3234 972 3332 tui,
991 3247 1095 3336 atque
1114 3234 1161 3306 ad
1179 3233 1339 3337 aliquam

331 3364 469 3450 partem
493 3354 543 3426 rei
566 3354 728 3455 publicae
745 3358 989 3458 pertinebunt,
1015 3360 1059 3432 de
1076 3360 1131 3434 his
1149 3361 1253 3440 rebus
1270 3387 1339 3433 ne·

332 3475 418 3575 quid
448 3480 603 3578 attingat.
637 3482 747 3555 Multa
773 3485 887 3583 enim,
908 3511 1003 3587 'quae
1031 3499 1127 3559 recte
1159 3485 1341 3560 committi

330 3603 439 3675 servis
466 3603 624 3680 fidelibus
648 3622 810 3708 possunt,
832 3623 954 3684 tamen
980 3613 1158 3710 sermonis¹
1177 3624 1214 3684 et
1238 3610 1340 3682 vitu-

328 3729 519 3826 perationis
546 3733 708 3806 vitandae
734 3762 838 3808 causa
864 3735 1114 3809 committenda
1137 3761 1211 3808 non
1236 3748 1334 3808 sunt.

330 3854 398 3928 Sed
424 3859 541 3932 nescio
568 3887 637 3963 quo
667 3875 773 3960 pacto
807 3863 852 3936 ad
885 3853 1123 3967 praecipiendi
1157 3869 1338 3941 rationem
