2834 5012
284 371 307 420 x
668 366 914 419 ruruouvcrto

283 489 332 554 ut
352 501 436 553 non
457 469 661 582 epistolam
682 473 881 584 scripsisse
895 473 1050 580 Quinto
1068 471 1199 578 fratri,
1216 480 1285 561 sed

283 622 473 708 omnibus
501 624 804 734 provinciarum
832 623 1057 706 rectoribus
1080 629 1288 738 sapientis-

283 779 424 858 simam
452 770 758 854 administrandi
786 771 964 883 regulam
995 777 1291 888 praescripsisse

281 922 475 1008 videatur.

169 1185 175 1197 .
338 1071 488 1154 Confer
518 1073 598 1150 iam
629 1071 835 1152 Tullianas
873 1072 1055 1182 epistolas
1084 1100 1181 1154 cum
1209 1080 1290 1188 epi-

280 1223 388 1304 stolis
432 1221 633 1320 Senecae,
669 1219 816 1320 Plinii,
845 1221 994 1331 iisque,
1032 1249 1132 1333 quas
1159 1225 1211 1308 V.
1241 1225 1288 1309 C.
1401 1301 1402 1344 ζ

279 1372 457 1484 Angelus
498 1372 638 1455 Maius
682 1398 766 1450 non
810 1371 946 1450 multis
988 1367 1136 1452 abhinc
1174 1377 1290 1456 annis
1385 1373 1397 1402 ⁴

278 1522 450 1619 invenit,
479 1519 654 1600 Cornelii
681 1519 920 1620 Frontonis,
942 1515 999 1602 M.
1022 1520 1175 1600 Aurelii
1202 1525 1282 1602 im·
1401 1501 1402 1558 ss

278 1672 496 1781 peratoris,
526 1669 791 1778 aliorumque.
830 1667 978 1751 Seneca
1008 1667 1171 1781 quidem
1200 1675 1288 1783 epi·
1401 1725 1402 1760 f

278 1819 396 1901 stolas
434 1847 525 1899 suas
564 1845 650 1899 non
680 1847 772 1901 vere
803 1833 924 1932 atque
953 1849 1004 1902 ex
1032 1849 1075 1902 re
1104 1823 1290 1933 scripsit,
1401 1871 1402 1874 κ

277 1967 346 2049 sed
374 1983 422 2049 ut
450 1971 568 2081 genio
606 1965 852 2082 indulgeret,
890 1969 1134 2081 liberiusque
1164 1963 1287 2084 vaga·
1401 1955 1402 1958 i

276 2133 399 2200 retur.
429 2116 608 2200 Nrdlum
638 2133 697 2199 est
726 2121 833 2199 enim
862 2117 1021 2200 dicendi
1048 2147 1174 2232 genus
1200 2123 1289 2231 epi-

276 2266 385 2347 stolis
414 2266 614 2367 solutius,
655 2269 698 2346 in
735 2266 885 2378 quibus
924 2284 965 2349 et
992 2295 1096 2383 quae
1124 2267 1291 2380 legeris,

276 2429 316 2494 et
343 2413 459 2526 quae
495 2419 754 2501 somniaveris
796 2416 973 2529 proferre
1014 2401 1132 2517 licet,
1167 2433 1291 2528 atquc

275 2563 399 2646 ordiri
428 2564 539 2647 unde
564 2567 682 2667 veliS,
710 2563 827 2650 finire
856 2595 987 2680 quum
1012 2568 1108 2652 velis
1130 2569 1199 2679 (1)
1221 2567 1291 2649 Ad

275 2700 406 2794 unum
435 2713 691 2826 eundemque
720 2717 875 2800 Siciliae
904 2714 1149 2829 praesidem,
1191 2717 1287 2798 Lu-

276 2863 415 2940 cilium
437 2861 641 2964 Balbum,
664 2869 834 2977 scriptae
863 2881 979 2966 sunt,
1001 2880 1041 2946 et
1061 2892 1192 2977 quum
1220 2895 1290 2949 re-

275 2986 369 3093 rum
396 3010 674 3096 humanarum
710 3017 1018 3098 inconstantiam
1056 3018 1287 3128 exagitant,
1401 3121 1402 3124 p

137 3173 149 3260 ᾗ
274 3176 363 3240 tum
393 3167 602 3275 egestatis,
633 3167 784 3267 exsilii,
813 3171 951 3249 mortis
980 3165 1153 3276 denique
1183 3194 1289 3247 con-

216 3345 219 3352 <
273 3323 472 3421 temptum
502 3313 682 3396 suadent.
711 3317 826 3398 Hinc
856 3317 964 3397 nulla
994 3318 1162 3426 uarietas
1191 3343 1284 3426 per-

273 3487 483 3564 sonarum,
505 3466 614 3546 nulla
636 3481 980 3578 argumentorum⁴
1004 3468 1119 3548 Dum
1142 3477 1295 3544 autem

315 3793 353 3870 (t)
377 3794 539 3868 Erasmus,
561 3796 652 3882 ludio.
677 3797 714 3854 de
736 3796 858 3856 Seneca.
