2932 5000
530 387 567 434 ru
595 383 783 434 nrrsrocss
1085 365 1155 467 407

196 489 253 552 taisi
272 487 378 550 tabum
398 484 561 548 Aensiliam.
581 486 726 548 Basilicee
740 483 842 567 ampla
856 485 992 549 aedilicia
1005 498 1104 560 erant,
1120 490 1159 550 ad

195 617 275 678 quae
288 603 470 656 mercatores
490 603 521 652 et
540 595 731 674 magistratus
745 591 906 654 veniebant
925 595 1107 674 negotiatori
1129 605 1158 658 et

196 706 242 764 ius
262 702 381 762 dicturi.
408 700 550 762 Nominat
577 677 678 760 autem
705 700 894 781 potissimum
921 699 1034 760 tribum
1056 703 1158 762 Aemi-

193 809 281 880 liam,
307 808 406 890 inquit
431 805 564 888 Popma,
592 804 639 866 vel
667 804 749 887 quod
769 826 805 866 ea
835 804 994 866 hominum
1021 807 1160 868 multitu·

195 915 266 976 dine
287 923 400 974 ceteras
421 911 518 973 tribus
539 922 710 994 superaret,
730 910 778 972 vel
799 911 881 993 quod
895 913 927 972 in
947 932 982 972 ea
1000 913 1158 974 Formiani

196 1021 376 1101 suffragium
396 1019 523 1090 ferrent,
537 1029 572 1079 ut
585 1028 701 1080 constat
714 1039 750 1080 ex
762 1018 829 1078 Liv.
850 1017 902 1078 lib.
923 1019 1089 1092 XXXVII,
1111 1019 1159 1080 36.

154 1127 176 1190 6
197 1127 267 1186 Scil.
287 1135 356 1208 post
377 1124 587 1187 salutationem
608 1127 795 1186 matutinam.

155 1255 174 1314 7
197 1233 346 1303 Tantum,
366 1231 472 1293 saltem
493 1230 532 1290 ad
553 1230 630 1314 prid.
652 1233 727 1292 Non.
753 1232 864 1306 Maias3
886 1232 944 1292 vid.
968 1231 1031 1292 lnd.
1059 1227 1159 1292 L'atin.

195 1339 354 1400 Pollicitus
389 1348 453 1400 crat
486 1337 592 1398 Cicero
623 1359 653 1397 se
685 1338 937 1418 praestolaturum
966 1340 1096 1398 atticum
1128 1339 1160 1396 in

195 1445 363 1506 Formiano
377 1465 443 1526 usq.
465 1444 504 1506 ad
524 1445 599 1504 Non.
620 1444 734 1516 Maias,
753 1465 799 1526 ep.
820 1444 987 1519 xxxvl1;
1008 1465 1089 1504 nunc
1103 1463 1158 1502 au-

193 1562 269 1623 tem,
290 1571 385 1632 quum
406 1570 438 1611 se
459 1550 643 1632 interpellari
663 1549 788 1610 moleste
813 1549 931 1620 videat,
959 1570 1054 1610 unum
1076 1548 1159 1608 diem

195 1656 334 1720 detrabit
350 1659 432 1718 Tum
447 1658 507 1718 vidi
519 1668 563 1718 est
583 1660 614 1716 in
635 1656 707 1717 libb.
722 1657 907 1738 Malaspinae
920 1666 950 1716 et
964 1657 994 1714 in
1009 1652 1097 1715 Amb.
1114 1653 1160 1715 16.

195 1763 299 1844 Vulgo
319 1761 382 1823 vide
402 1751 496 1836 enim,
516 1763 599 1845 quod
619 1783 682 1824 esse
702 1785 765 1823 non
778 1772 891 1845 potest,
911 1765 1002 1822 etiam
1018 1764 1040 1822 si
1056 1761 1087 1820 id
1101 1761 1159 1820 llo-

194 1871 255 1930 sius
274 1868 417 1930 defendit,
439 1870 519 1930 Hinc
540 1869 610 1930 Sch.
632 1872 761 1930 correxit
781 1868 867 1930 utiles.

155 1975 176 2037 8
196 1974 285 2036 Amb.
311 1974 346 2037 16
372 1976 465 2039 velint.
492 1977 574 2036 Tum
600 1996 658 2057 pro
676 1977 815 2058 probem,
840 1995 921 2037 unus
940 1974 1053 2038 Malleii
1079 1972 1160 2056 apud

196 2081 323 2165 Malasp.
342 2083 452 2166 probe,
473 2083 557 2164 quod
577 2103 639 2158 non
659 2082 767 2164 placet.

620 2319 701 2378 XLl.

163 2528 173 2566 r
199 2505 249 2566 Sic
270 2504 357 2566 amb.
377 2505 431 2579 16,
451 2515 482 2566 et
496 2507 538 2566 sic
556 2505 709 2566 Victorius
730 2506 895 2565 restituite
915 2500 987 2563 libb.
1003 2501 1160 2561 Schiitzius

197 2611 316 2674 inveniri
333 2613 439 2694 possit,
461 2610 544 2692 quod
570 2621 600 2671 et
621 2610 687 2671 Ald.
714 2589 814 2670 habel.
844 2607 1013 2691 Quidnam
1038 2609 1161 2667 invenire

194 2722 304 2802 possit,
324 2719 401 2792 scil,
426 2717 635 2801 impedimenti
664 2717 781 2778 Caesar.
801 2715 855 2778 Act
870 2713 1048 2797 facultatem
1073 2731 1162 2792 agra-

197 2827 289 2894 n'am,
310 2825 348 2886 ad
369 2824 467 2906 legem
489 2826 638 2906 agrariam
661 2823 776 2884 facilius
796 2821 1014 2904 perferendam.

160 2952 177 2989 2
200 2931 237 2990 ln
257 2930 424 2992 differendo
446 2933 584 3003 comitia,
605 2951 682 3012 quae
696 2931 770 3012 legis
784 2930 919 3011 agrariae
947 2925 1096 3008 rogandae
1110 2923 1164 2983 ha·
1213 3004 1217 3009 ι

201 3035 364 3098 bebuntur.
975 3028 979 3042 '

158 3144 178 3204 3
200 3143 258 3204 Sic.
272 3142 397 3230 inllbb·
418 3143 559 3206 omnibus
583 3146 751 3206 invenimus
776 3164 841 3224 usq.
863 3140 901 3202 ad
926 3140 1034 3201 Graev.
1060 3136 1163 3216 Vulgo

192 3248 254 3330 fiat
275 3262 308 3310 tr.
328 3251 386 3331 pl,
406 3252 517 3310 omissa
537 3252 723 3332 repetitione.
747 3248 902 3310 Tribunus
921 3244 1018 3328 plebis
1040 3241 1164 3302 Clodius

202 3357 351 3438 potuisset
371 3355 553 3418 intercedere
574 3377 612 3418 ne
633 3355 680 3418 lex
702 3359 820 3438 agraria
834 3354 1034 3438 perferretur,
1056 3359 1084 3408 et
1099 3357 1165 3408 acta

207 3462 343 3524 Caesaris
364 3463 540 3524 rescindere.
712 3437 717 3447 .

161 3571 182 3647 4
204 3569 271 3630 Hoc
292 3569 426 3646 εἰρονῑκῶς
447 3570 560 3630 dictum
583 3573 711 3651 quisque
732 3571 865 3652 accipiet.

162 3675 183 3736 5
205 3676 283 3738 Edd.
303 3698 350 3759 pr.
370 3676 404 3738 ict
421 3675 539 3759 quadem
558 3678 675 3738 omnino
697 3698 762 3738 non.

162 3780 183 3842 6
206 3782 249 3842 Vt
270 3791 305 3841 ut
325 3781 383 3844 hoc
404 3803 466 3844 non
486 3785 537 3856 sit,
557 3782 626 3844 licet
645 3781 705 3844 boc
725 3803 787 3842 non
807 3783 853 3842 sit.
873 3777 960 3848 Hoc,
980 3775 1059 3845 scil,
1080 3781 1114 3831 ut
1134 3781 1167 3828 tu

207 3888 345 3948 advoles:
377 3891 513 3969 quamvis
540 3900 578 3976 tu,
597 3910 659 3952 non
688 3888 825 3960 advolas,
852 3898 952 3946 tamen
978 3878 1167 3964 praeclarum
