2932 5000
534 417 570 465 m
597 413 786 466 canaonas
880 481 882 491 Ι
1087 395 1160 496 379

195 517 317 602 populis
338 515 439 577 liberis
462 515 528 598 (ep.
558 517 678 590 XXIV,
700 518 757 598 7),
781 526 907 599 propter
935 516 1016 598 quod
1044 519 1159 580 iactura

197 626 344 710 pecuniae
364 613 603 704 negotiatoribus¹
624 623 759 685 facienda
779 633 851 684 erat.
970 602 974 610 V

157 731 200 810 45
221 730 435 812 intelliguntur
456 729 652 791 dissensiones
666 731 781 802 civiles,
801 732 833 790 in
847 728 955 812 quibus
970 732 1027 802 ait,
1039 729 1160 791 relictu—
1188 772 1190 776 -

201 859 251 898 ros
271 841 387 919 equites
408 847 562 912 senatum3
582 847 615 896 ut
628 835 705 897 bene
718 835 858 919 explanat
870 835 1034 898 Ernestius.
1047 837 1160 920 Nempe

199 943 357 1005 laudemus
377 942 408 1004 id
429 943 543 1003 SCtum
564 953 668 1004 contra
689 945 803 1024 equites
816 945 1019 1025 negotiatores
1033 943 1161 1014 factum,

200 1053 345 1133 quoniam
367 1050 397 1112 id
417 1049 484 1111 fieri
505 1051 634 1133 placuit3
655 1071 751 1132 quum
771 1061 872 1112 autem
894 1051 1092 1113 dissensiones
1116 1055 1161 1112 ci·

200 1156 274 1219 viles
296 1156 440 1218 invadent
459 1177 553 1239 remp.
573 1177 628 1217 nos
649 1156 704 1218 soli
726 1169 877 1220 senatores
898 1157 1107 1239 relinquamur
1123 1158 1163 1219 ad

199 1284 295 1346 remp.
315 1262 479 1336 tuendam,
498 1265 643 1324 nimirum
664 1265 774 1324 iterum
798 1263 837 1323 ab
863 1263 1016 1345 equitibus
1042 1259 1161 1324 deserti.

199 1370 354 1430 Manutius
378 1379 409 1429 et
434 1369 540 1434 Bosius
566 1368 757 1451 corrigebant
782 1368 1016 1443 discessionum,
1043 1357 1104 1432 scil.
1126 1372 1163 1430 in

200 1485 322 1547 senatu,
348 1495 444 1556 quum
464 1476 497 1536 in
516 1477 676 1537 sententias
695 1477 771 1554 itur3
798 1497 875 1558 quae
902 1475 1094 1538 discessiones
1114 1475 1164 1536 hic

201 1581 303 1642 locum
323 1578 438 1642 habere
456 1593 619 1664 nequeunt.

160 1685 205 1766 46
224 1687 355 1770 Nempe,
376 1696 561 1748 servatorem
576 1686 778 1761 creditorum,
798 1689 851 1769 qui
864 1689 896 1748 in
910 1686 1068 1748 consulatu
1081 1685 1165 1748 Cice·

203 1795 285 1854 ronis
304 1807 414 1875 parum
435 1791 552 1866 abfuit,
572 1795 647 1875 quin
666 1801 797 1877 propter
812 1791 931 1855 tabulas
951 1813 1045 1854 novas
1065 1795 1164 1854 nomi-

192 1899 287 1961 nibus
310 1899 371 1960 suis
392 1899 615 1962 fraudarentur.
636 1899 687 1962 Sic
706 1921 753 1984 ep.
775 1901 896 1973 XXIX,
917 1913 951 1974 s,
972 1900 1010 1960 de
1031 1902 1165 1982 negotia-

204 2004 323 2066 toribus
343 2004 529 2087 publicanis:
549 2005 631 2090 quod
658 2009 700 2070 ita
724 2011 924 2089 negotiantur,
950 2019 987 2083 nt,
1008 2007 1167 2090 locupletes

197 2113 254 2173 sint
268 2156 279 2186 ,
299 2113 391 2174 nostri
407 2113 577 2176 consulatus
597 2113 734 2197 benefici)
747 2137 778 2175 se
798 2113 1098 2197 iucohtooesfhrtuuar
1111 2115 1165 2174 lra-

208 2219 275 2280 bere
294 2219 481 2280 arbitrantur.

161 2325 202 2406 47
225 2325 265 2386 H.
285 2346 310 2386 e.
338 2325 538 2409 Prognostica
558 2328 641 2388 Arati
662 2348 680 2386 a
700 2346 750 2388 me
776 2326 814 2388 de
844 2345 952 2408 graeco
980 2327 1011 2386 iu
1039 2324 1188 2398 latinum¹

204 2429 351 2492 naducta.

164 2535 220 2613 48.
233 2535 280 2596 lta
300 2535 413 2598 Schiitz
439 2557 509 2598 cum
534 2537 624 2601 Bosio
645 2549 675 2600 et
698 2539 846 2614 Graevi03
872 2537 933 2598 scil.
959 2559 976 2598 e
1002 2538 1167 2621 provincia.

211 2641 250 2702 Ei
270 2645 426 2725 proxime,
446 2643 529 2727 quod
549 2645 588 2706 ad
608 2647 789 2729 scripturam
816 2646 936 2717 attinet,
955 2644 1022 2705 edd,
1043 2644 1118 2704 iens.
1139 2654 1169 2704 et
1252 2637 1254 2662 ¹

209 2749 318 2809 Minut.
338 2769 460 2812 recessu.
480 2750 572 2834 Vulg.
593 2772 726 2826 accessu,
746 2750 829 2834 qnod
849 2752 902 2833 qui
922 2749 1024 2823 malit,
1044 2769 1104 2810 non
1119 2748 1168 2811 iile

209 2866 314 2916 contra
334 2877 454 2918 sensum
474 2858 553 2919 facit.

162 2963 205 3038 do
228 2935 321 3042 Hoc,
340 2963 423 3044 quod
444 2964 511 3025 edd.
532 2967 608 3026 lens.
627 2965 701 3026 Min.
722 2964 788 3026 Ala
810 2963 916 3025 Lamb.
942 2974 972 3025 et
998 2962 1089 3024 Herv.
1116 2961 1169 3022 ha-

202 3067 292 3142 bent,
303 3067 393 3130 nobis
408 3073 583 3132 concinnius
596 3071 730 3146 videtur,
750 3079 845 3155 quam
858 3071 1015 3154 vulgatum
1031 3082 1090 3131 tum
1104 3089 1169 3130 vero

204 3173 358 3256 diligenter
377 3177 490 3239 ἱατίηοε.

170 3280 212 3342 50
235 3281 267 3342 C.
290 3282 453 3346 Octavium
474 3283 669 3346 Macedoniae
682 3294 854 3368 praetorem
871 3285 934 3368 (ep.
955 3285 1027 3358 LII,
1046 3285 1097 3365 4),
1118 3282 1170 3343 ubi

207 3399 294 3450 erant
315 3393 436 3473 negotia
456 3393 554 3452 Attici.
576 3391 654 3453 Hinc
668 3391 862 3474 provincialia
875 3394 1012 3474 negotia,
1033 3410 1110 3472 quae
1125 3410 1170 3448 se-

209 3507 353 3577 quuntur.
381 3497 463 3558 infra
490 3497 520 3557 in
554 3499 755 3560 tocullionibus
782 3510 826 3564 est
854 3501 1007 3561 aVictor.
1035 3508 1066 3557 et
1091 3495 1171 3556 Tur-

211 3599 307 3681 neb03
327 3612 397 3668 ante
417 3603 486 3665 iilos
505 3605 534 3666 in
556 3589 793 3669 Decurionibus:
