2882 5002
346 395 414 476 132
692 419 864 471 arrsronn
888 387 982 472 ιιιιι.
1119 416 1152 468 a.
1169 421 1204 470 v.
1221 421 1248 468 c
1267 421 1317 483 ιρι

232 584 235 589 .
340 541 382 599 ut
399 549 520 599 omnes
535 523 586 596 illi
610 521 739 636 colant.
764 522 884 638 Nihil'
875 549 946 594 1am
960 519 1112 638 denique
1128 547 1148 594 a
1165 547 1222 594 me
1239 549 1341 622 aspe-

336 651 420 726 ιιιιιι
443 652 481 722 in
506 675 715 752 quemquam
740 651 800 736 fit,
826 627 892 720 nec
918 661 1037 720 tamen
1062 648 1250 748 quicquam
1274 675 1340 748 po·

338 777 461 880 pulare
486 803 527 849 ac
546 775 769 876 dissolutum,
795 773 923 880 sedita
942 785 1135 874 temperata
1152 787 1227 846 tota
1250 775 1341 846 ratio

340 917 409 1001 est,
434 916 474 974 ut
498 903 549 974 rei
572 899 746 1002 publicae
752 895 985 996 constantiam
1004 913 1196 1018 praestem,
1222 901 1341 1000 priva-

336 1005 383 1102 tis
398 958 503 1102 iebus
520 1029 625 1126 meis,
644 1041 752 1127 propt
754 1053 790 1108 er
737 1027 1043 1103 tinfirmitatem
1060 1011 1341 1124 bonomm,1ni-

339 1154 508 1254 quitatem
525 1152 786 1251 malivolorum,
813 1151 963 1226 odium
953 1177 990 1224 ιιι
1007 1177 1063 1228 me
1080 1149 1344 1252 improborum,

339 1277 542 1351 adhibeam
550 1277 723 1379 quandam
743 1278 949 1350 cautionem
967 1291 1003 1351 et
1020 1275 1248 1374 diligentiam.
1277 1275 1340 1348 At·

339 1393 416 1503 que
431 1403 482 1475 ita
507 1415 626 1475 tamen
650 1403 726 1476 his
729 1403 832 1476 novis
858 1403 1016 1475 amicitiis
1034 1418 1065 1452 ²²
1093 1399 1264 1518 implicati
1285 1424 1342 1472 su·

337 1537 433 1628 mus,
457 1541 498 1600 ut
524 1527 646 1601 crebro
671 1501 760 1600 mihi
783 1529 881 1602 vafer
905 1528 963 1600 ille
988 1527 1123 1600 Siculus
1147 1527 1342 1599 insusurret

337 1653 570 1760 Epicharmus
597 1626 807 1770 cantilenam
830 1653 926 1774 illam
951 1681 1065 1727 suam:

356 1838 499 1932 ὟΝαφε)
520 1840 574 1942 nal
593 1835 718 1932 pipatrc'
736 1846 830 1911 απισι·
838 1867 888 1910 ειν.
908 1844 1015 1934 ἄρθρα
1030 1845 1126 1908 ταῦτα
1140 1849 1199 1906 τῶν
1217 1849 1341 1932 φρενῶν.

338 2031 390 2106 Ae
415 1986 555 2105 nostrae
580 2032 722 2134 quidem
748 2033 894 2106 rationis
921 2057 962 2104 ac
986 2026 1079 2105 vitae
1105 2030 1205 2132 quasi
1229 2055 1343 2132 quan-

339 2153 421 2230 da'm
445 2157 610 2256 formam,
634 2171 675 2230 ut
698 2158 845 2256 opinor,
868 2153 977 2231 vides.

362 2285 408 2382 '7'
434 2283 488 2354 De
513 2296 574 2355 tuo
601 2297 718 2354 autem
742 2284 885 2382 negotio
911 2305 1016 2380 saepe
1042 2278 1088 2352 ad
1110 2305 1169 2353 me
1194 2280 1341 2380 scribis,

337 2405 393 2476 cui
417 2406 550 2482 mederi
575 2433 668 2480 nunc
693 2432 767 2482 non
795 2432 989 2506 possumus.
1026 2407 1093 2478 Est
1125 2407 1219 2477 enim
1250 2405 1340 2478 illud

329 2528 703 2622 senatusconsultum
728 2558 863 2607 summa
888 2509 1112 2632 pedariorum
1137 2531 1340 2631 voluntate,

252 2635 254 2640 ⁵
335 2653 462 2730 nullius
493 2671 653 2730 nostrum
685 2658 892 2732 auctoritate
926 2657 1069 2752 factum,
1099 2641 1207 2756 Nam,
1240 2656 1339 2758 quem

335 2803 392 2871 me
417 2807 492 2854 esse
518 2782 565 2860 ad
589 2783 818 2860 scribendum
835 2785 866 2836 ²³
892 2782 1008 2881 rides,
1033 2807 1076 2856 ex
1098 2783 1177 2882 ipso
1192 2797 1338 2869 senatus

286 2969 292 2982 ,
335 2905 495 2978 consulto
520 2907 711 3006 intelligere
743 2922 863 3008 potes,
894 2906 999 2980 aliam
1022 2931 1105 2980 ,rem
1138 2921 1214 2981 tum
1245 2907 1338 2981 rela-

335 3039 425 3127 tam,
448 3030 517 3103 hoc
543 3046 659 3106 autem
678 3033 728 3104 de
752 3031 892 3134 populis
925 3032 1041 3106 liberis
1058 3031 1092 3098 ²4
1116 3035 1190 3106 sine
1227 3059 1336 3108 causa

335 3152 510 3256 additum,
536 3159 645 3230 etita
671 3158 802 3232 factum
826 3172 878 3231 est
904 3161 979 3231 aP.
998 3159 1143 3234 Servilio
1168 3158 1257 3258 filio,
1274 3160 1338 3260 qui

334 3278 372 3352 in
397 3283 581 3391 postremis
608 3265 819 3360 sententiam
846 3281 946 3382 dixit,
971 3283 1034 3356 sed
1057 3285 1234 3358 immutari
1264 3283 1334 3356 hoc

334 3415 492 3505 tempore
518 3434 590 3483 non
615 3425 741 3510 potest.
768 3412 891 3510 Itaque
917 3424 1129 3510 conventus,
1154 3412 1213 3510 qui
1231 3411 1333 3482 initio

256 3624 258 3634 ,
284 3590 286 3595 .
334 3528 597 3608 celebrabantur
609 3538 651 3635 ²⁵,
668 3537 738 3610 iam
756 3534 816 3610 diu
832 3534 906 3609 fieri
925 3533 1108 3608 desierunt.
1126 3537 1198 3634 Tu,
1214 3537 1243 3608 si
1261 3537 1330 3610 tuis

333 3650 510 3731 blanditiis
536 3673 655 3732 tamen
679 3686 698 3733 a
724 3659 898 3758 Sicyoniis
918 3659 1178 3734 nummulorum
1195 3660 1327 3762 aliquid
1436 3721 1437 3726 ,

334 3784 557 3884 expresseris,
583 3785 703 3883 velim,
728 3809 785 3856 me
811 3783 916 3855 facias
942 3784 1135 3856 certiorem.
1230 3813 1238 3846 ι

384 3908 407 3978 8
433 3908 731 3984 Commentarium
759 3904 964 3982 consulatus
980 3908 1050 3982 mei
1079 3909 1214 3984 Graece
1238 3933 1330 3982 com·
