<?xml version="1.0" encoding="UTF-8"?>
<!DOCTYPE html PUBLIC "-//W3C//DTD XHTML 1.0 Transitional//EN"
    "http://www.w3.org/TR/xhtml1/DTD/xhtml1-transitional.dtd">
<html xmlns="http://www.w3.org/1999/xhtml" xml:lang="en" lang="en">
 <head>
  <title>
</title>
<meta http-equiv="Content-Type" content="text/html;charset=utf-8" />
  <meta name='ocr-system' content='tesseract 3.04.00' />
  <meta name='ocr-capabilities' content='ocr_page ocr_carea ocr_par ocr_line ocrx_word'/>
</head>
<body>
  <div class='ocr_page' id='page_1' title='image "./mtulliiciceroni76cicegoog_0016.png"; bbox 0 0 2834 5012; ppageno 0'>
   <div class='ocr_carea' id='block_1_1' title="bbox 124 401 1130 630">
    <p class='ocr_par' dir='ltr' id='par_1_1' title="bbox 124 401 1130 630">
     <span class='ocr_line' id='line_1_1' title="bbox 505 401 1130 466; baseline -0.018 -5"><span class='ocrx_word' id='word_1_1' title='bbox 505 409 749 464; x_wconf 76' lang='lat' dir='ltr'>rurncurerro</span> <span class='ocrx_word' id='word_1_2' title='bbox 1074 401 1130 466; x_wconf 67' lang='lat' dir='ltr'>m</span> 
     </span>
     <span class='ocr_line' id='line_1_2' title="bbox 124 513 1130 630; baseline 0 -31"><span class='ocrx_word' id='word_1_3' title='bbox 124 518 304 630; x_wconf 89' lang='lat' dir='ltr'>ticipem,</span> <span class='ocrx_word' id='word_1_4' title='bbox 318 513 381 600; x_wconf 89' lang='lat' dir='ltr'>vel</span> <span class='ocrx_word' id='word_1_5' title='bbox 395 515 549 596; x_wconf 84' lang='lat' dir='ltr'>socium</span> <span class='ocrx_word' id='word_1_6' title='bbox 573 516 832 596; x_wconf 87' lang='lat' dir='ltr'>consiliorum</span> <span class='ocrx_word' id='word_1_7' title='bbox 854 513 1130 630; x_wconf 59' lang='lat' dir='ltr'>desiderunt</span> 
     </span>
    </p>
   </div>
   <div class='ocr_carea' id='block_1_2' title="bbox 124 665 1130 777">
    <p class='ocr_par' dir='ltr' id='par_1_2' title="bbox 124 665 1130 777">
     <span class='ocr_line' id='line_1_3' title="bbox 124 665 1130 777; baseline 0.001 -30"><span class='ocrx_word' id='word_1_8' title='bbox 124 693 253 777; x_wconf 90' lang='lat' dir='ltr'>quum</span> <span class='ocrx_word' id='word_1_9' title='bbox 283 690 380 748; x_wconf 88' lang='lat' dir='ltr'>vero</span> <span class='ocrx_word' id='word_1_10' title='bbox 416 677 556 745; x_wconf 84' lang='lat' dir='ltr'>contre</span> <span class='ocrx_word' id='word_1_11' title='bbox 585 665 795 744; x_wconf 82' lang='lat' dir='ltr'><strong>Terentiae</strong></span> <span class='ocrx_word' id='word_1_12' title='bbox 832 679 872 745; x_wconf 89' lang='lat' dir='ltr'>et</span> <span class='ocrx_word' id='word_1_13' title='bbox 909 666 1130 768; x_wconf 81' lang='lat' dir='ltr'>Tulliolae,</span> 
     </span>
    </p>
   </div>
   <div class='ocr_carea' id='block_1_3' title="bbox 124 795 1167 1394">
    <p class='ocr_par' dir='ltr' id='par_1_3' title="bbox 124 795 1167 1394">
     <span class='ocr_line' id='line_1_4' title="bbox 125 795 1129 912; baseline 0 -16"><span class='ocrx_word' id='word_1_14' title='bbox 125 812 281 896; x_wconf 85' lang='lat' dir='ltr'>duabus</span> <span class='ocrx_word' id='word_1_15' title='bbox 320 814 462 893; x_wconf 82' lang='lat' dir='ltr'>animis</span> <span class='ocrx_word' id='word_1_16' title='bbox 487 795 606 912; x_wconf 81' lang='lat' dir='ltr'>suis,</span> <span class='ocrx_word' id='word_1_17' title='bbox 635 841 677 894; x_wconf 90' lang='lat' dir='ltr'>se</span> <span class='ocrx_word' id='word_1_18' title='bbox 702 815 861 894; x_wconf 84' lang='lat' dir='ltr'>socium</span> <span class='ocrx_word' id='word_1_19' title='bbox 889 812 1034 898; x_wconf 90' lang='lat' dir='ltr'>doloris</span> <span class='ocrx_word' id='word_1_20' title='bbox 1056 816 1129 898; x_wconf 85' lang='lat' dir='ltr'>ad·-</span> 
     </span>
     <span class='ocr_line' id='line_1_5' title="bbox 125 953 1128 1074; baseline 0.001 -29"><span class='ocrx_word' id='word_1_21' title='bbox 125 963 205 1066; x_wconf 89' lang='lat' dir='ltr'>dit,</span> <span class='ocrx_word' id='word_1_22' title='bbox 235 964 380 1074; x_wconf 89' lang='lat' dir='ltr'>nequit</span> <span class='ocrx_word' id='word_1_23' title='bbox 408 963 492 1044; x_wconf 88' lang='lat' dir='ltr'>sine</span> <span class='ocrx_word' id='word_1_24' title='bbox 521 962 704 1072; x_wconf 82' lang='lat' dir='ltr'>plurimis</span> <span class='ocrx_word' id='word_1_25' title='bbox 732 961 904 1044; x_wconf 84' lang='lat' dir='ltr'>lacrimis</span> <span class='ocrx_word' id='word_1_26' title='bbox 933 953 1128 1070; x_wconf 74' lang='lat' dir='ltr'>scribere,</span> 
     </span>
     <span class='ocr_line' id='line_1_6' title="bbox 124 1109 1128 1224; baseline 0.002 -28"><span class='ocrx_word' id='word_1_27' title='bbox 124 1129 159 1196; x_wconf 87' lang='lat' dir='ltr'>et</span> <span class='ocrx_word' id='word_1_28' title='bbox 186 1114 403 1223; x_wconf 84' lang='lat' dir='ltr'>utriusque</span> <span class='ocrx_word' id='word_1_29' title='bbox 431 1111 620 1194; x_wconf 86' lang='lat' dir='ltr'>molestiis</span> <span class='ocrx_word' id='word_1_30' title='bbox 662 1137 790 1224; x_wconf 87' lang='lat' dir='ltr'><strong>prope</strong></span> <span class='ocrx_word' id='word_1_31' title='bbox 819 1109 1047 1198; x_wconf 82' lang='lat' dir='ltr'>conficitur.</span> <span class='ocrx_word' id='word_1_32' title='bbox 1076 1117 1128 1198; x_wconf 93' lang='lat' dir='ltr'>In</span> 
     </span>
     <span class='ocr_line' id='line_1_7' title="bbox 124 1229 1167 1394; baseline 0.003 -51"><span class='ocrx_word' id='word_1_33' title='bbox 124 1263 296 1374; x_wconf 88' lang='lat' dir='ltr'>epistolis</span> <span class='ocrx_word' id='word_1_34' title='bbox 333 1258 383 1340; x_wconf 81' lang='lat' dir='ltr'>ad</span> <span class='ocrx_word' id='word_1_35' title='bbox 426 1262 619 1344; x_wconf 65' lang='lat' dir='ltr'>&#39;limnem</span> <span class='ocrx_word' id='word_1_36' title='bbox 660 1258 856 1342; x_wconf 85' lang='lat' dir='ltr'>habemus</span> <span class='ocrx_word' id='word_1_37' title='bbox 898 1229 1129 1375; x_wconf 60' lang='lat' dir='ltr'>exemplum</span> <span class='ocrx_word' id='word_1_38' title='bbox 1164 1377 1167 1394; x_wconf 49' lang='lat'>,</span> 
     </span>
    </p>
   </div>
   <div class='ocr_carea' id='block_1_4' title="bbox 117 1407 1127 3625">
    <p class='ocr_par' dir='ltr' id='par_1_4' title="bbox 117 1407 1127 3625">
     <span class='ocr_line' id='line_1_8' title="bbox 121 1407 1127 1522; baseline 0 -30"><span class='ocrx_word' id='word_1_39' title='bbox 121 1413 240 1492; x_wconf 81' lang='lat' dir='ltr'>mirae</span> <span class='ocrx_word' id='word_1_40' title='bbox 272 1407 483 1508; x_wconf 65' lang='grc' dir='ltr'>Φιλυστοργῖαε</span> <span class='ocrx_word' id='word_1_41' title='bbox 513 1409 562 1491; x_wconf 83' lang='lat' dir='ltr'>ed</span> <span class='ocrx_word' id='word_1_42' title='bbox 592 1407 847 1494; x_wconf 83' lang='lat' dir='ltr'>imitandum.</span> <span class='ocrx_word' id='word_1_43' title='bbox 885 1415 977 1522; x_wconf 84' lang='lat' dir='ltr'>Qua</span> <span class='ocrx_word' id='word_1_44' title='bbox 1008 1439 1127 1516; x_wconf 80' lang='lat' dir='ltr'>cnrn,</span> 
     </span>
     <span class='ocr_line' id='line_1_9' title="bbox 123 1555 1125 1676; baseline 0 -33"><span class='ocrx_word' id='word_1_45' title='bbox 123 1591 197 1676; x_wconf 86' lang='lat' dir='ltr'>qua</span> <span class='ocrx_word' id='word_1_46' title='bbox 228 1560 432 1676; x_wconf 79' lang='lat' dir='ltr'>diligentia</span> <span class='ocrx_word' id='word_1_47' title='bbox 461 1555 510 1640; x_wconf 86' lang='lat' dir='ltr'>de</span> <span class='ocrx_word' id='word_1_48' title='bbox 540 1559 670 1641; x_wconf 87' lang='lat' dir='ltr'>liberti</span> <span class='ocrx_word' id='word_1_49' title='bbox 691 1558 912 1644; x_wconf 72' lang='lat' dir='ltr'>valitudine</span> <span class='ocrx_word' id='word_1_50' title='bbox 937 1565 1125 1675; x_wconf 83' lang='lat' dir='ltr'>inquirit,</span> 
     </span>
     <span class='ocr_line' id='line_1_10' title="bbox 121 1707 1125 1827; baseline -0.001 -32"><span class='ocrx_word' id='word_1_51' title='bbox 121 1741 241 1826; x_wconf 87' lang='lat' dir='ltr'>quem</span> <span class='ocrx_word' id='word_1_52' title='bbox 280 1712 488 1824; x_wconf 78' lang='lat' dir='ltr'>pruvincia</span> <span class='ocrx_word' id='word_1_53' title='bbox 527 1709 722 1792; x_wconf 74' lang='lat' dir='ltr'><strong>decedens</strong></span> <span class='ocrx_word' id='word_1_54' title='bbox 750 1707 881 1793; x_wconf 88' lang='lat' dir='ltr'>Patris</span> <span class='ocrx_word' id='word_1_55' title='bbox 917 1729 1125 1827; x_wconf 83' lang='lat' dir='ltr'>aegrotum</span> 
     </span>
     <span class='ocr_line' id='line_1_11' title="bbox 119 1849 1124 1976; baseline -0.001 -32"><span class='ocrx_word' id='word_1_56' title='bbox 119 1849 358 1976; x_wconf 77' lang='lat' dir='ltr'>reliquerat?</span> <span class='ocrx_word' id='word_1_57' title='bbox 398 1858 522 1945; x_wconf 78' lang='lat' dir='ltr'>Nulla</span> <span class='ocrx_word' id='word_1_58' title='bbox 557 1885 602 1940; x_wconf 91' lang='lat' dir='ltr'>re</span> <span class='ocrx_word' id='word_1_59' title='bbox 640 1862 729 1940; x_wconf 84' lang='lat' dir='ltr'>eius</span> <span class='ocrx_word' id='word_1_60' title='bbox 768 1857 940 1942; x_wconf 85' lang='lat' dir='ltr'>absentis</span> <span class='ocrx_word' id='word_1_61' title='bbox 969 1861 1124 1944; x_wconf 89' lang='lat' dir='ltr'>deside-</span> 
     </span>
     <span class='ocr_line' id='line_1_12' title="bbox 120 2007 1124 2124; baseline -0.004 -28"><span class='ocrx_word' id='word_1_62' title='bbox 120 2016 224 2096; x_wconf 91' lang='lat' dir='ltr'>rium</span> <span class='ocrx_word' id='word_1_63' title='bbox 251 2033 375 2094; x_wconf 82' lang='lat' dir='ltr'>suurn</span> <span class='ocrx_word' id='word_1_64' title='bbox 405 2011 520 2090; x_wconf 85' lang='lat' dir='ltr'>leniri</span> <span class='ocrx_word' id='word_1_65' title='bbox 549 2033 662 2122; x_wconf 81' lang='lat' dir='ltr'>posse</span> <span class='ocrx_word' id='word_1_66' title='bbox 682 2066 685 2074; x_wconf 75' lang='lat'>,</span> <span class='ocrx_word' id='word_1_67' title='bbox 705 2007 868 2110; x_wconf 78' lang='lat' dir='ltr'>scribit,</span> <span class='ocrx_word' id='word_1_68' title='bbox 909 2023 950 2090; x_wconf 89' lang='lat' dir='ltr'>et</span> <span class='ocrx_word' id='word_1_69' title='bbox 977 2041 1124 2124; x_wconf 84' lang='lat' dir='ltr'>quum·</span> 
     </span>
     <span class='ocr_line' id='line_1_13' title="bbox 118 2155 1123 2276; baseline -0.001 -31"><span class='ocrx_word' id='word_1_70' title='bbox 118 2183 238 2276; x_wconf 84' lang='lat' dir='ltr'>qnam</span> <span class='ocrx_word' id='word_1_71' title='bbox 267 2163 403 2275; x_wconf 82' lang='lat' dir='ltr'>magni</span> <span class='ocrx_word' id='word_1_72' title='bbox 446 2158 494 2240; x_wconf 84' lang='lat' dir='ltr'>ad</span> <span class='ocrx_word' id='word_1_73' title='bbox 531 2155 732 2241; x_wconf 57' lang='lat' dir='ltr'>‘honorem</span> <span class='ocrx_word' id='word_1_74' title='bbox 767 2187 890 2240; x_wconf 89' lang='lat' dir='ltr'>suum</span> <span class='ocrx_word' id='word_1_75' title='bbox 918 2164 1123 2244; x_wconf 84' lang='lat' dir='ltr'>interesset</span> 
     </span>
     <span class='ocr_line' id='line_1_14' title="bbox 119 2276 1122 2422; baseline -0.003 -27"><span class='ocrx_word' id='word_1_76' title='bbox 119 2313 163 2395; x_wconf 86' lang='lat' dir='ltr'>ad</span> <span class='ocrx_word' id='word_1_77' title='bbox 198 2276 348 2395; x_wconf 82' lang='lat' dir='ltr'>urbem</span> <span class='ocrx_word' id='word_1_78' title='bbox 376 2314 538 2412; x_wconf 81' lang='lat' dir='ltr'>venire,</span> <span class='ocrx_word' id='word_1_79' title='bbox 574 2324 707 2392; x_wconf 83' lang='lat' dir='ltr'>tamen</span> <span class='ocrx_word' id='word_1_80' title='bbox 743 2335 925 2422; x_wconf 80' lang='lat' dir='ltr'>peccasse</span> <span class='ocrx_word' id='word_1_81' title='bbox 955 2309 1030 2392; x_wconf 92' lang='lat' dir='ltr'>sibi</span> <span class='ocrx_word' id='word_1_82' title='bbox 1057 2315 1122 2398; x_wconf 78' lang='lat' dir='ltr'>vi-</span> 
     </span>
     <span class='ocr_line' id='line_1_15' title="bbox 118 2457 1122 2573; baseline 0 -31"><span class='ocrx_word' id='word_1_83' title='bbox 118 2462 196 2546; x_wconf 88' lang='lat' dir='ltr'>deri</span> <span class='ocrx_word' id='word_1_84' title='bbox 226 2457 421 2562; x_wconf 81' lang='lat' dir='ltr'>affirmet,</span> <span class='ocrx_word' id='word_1_85' title='bbox 461 2463 535 2573; x_wconf 83' lang='lat' dir='ltr'>qul</span> <span class='ocrx_word' id='word_1_86' title='bbox 570 2459 621 2542; x_wconf 81' lang='lat' dir='ltr'>ab</span> <span class='ocrx_word' id='word_1_87' title='bbox 648 2461 716 2542; x_wconf 88' lang='lat' dir='ltr'>illc</span> <span class='ocrx_word' id='word_1_88' title='bbox 745 2459 978 2545; x_wconf 84' lang='lat' dir='ltr'>discesserit.</span> <span class='ocrx_word' id='word_1_89' title='bbox 1008 2465 1122 2572; x_wconf 84' lang='lat' dir='ltr'>Que-</span> 
     </span>
     <span class='ocr_line' id='line_1_16' title="bbox 120 2609 1121 2712; baseline 0.001 -20"><span class='ocrx_word' id='word_1_90' title='bbox 120 2613 216 2694; x_wconf 85' lang='lat' dir='ltr'>ritnr</span> <span class='ocrx_word' id='word_1_91' title='bbox 247 2611 297 2693; x_wconf 91' lang='lat' dir='ltr'>de</span> <span class='ocrx_word' id='word_1_92' title='bbox 326 2614 550 2694; x_wconf 72' lang='lat' dir='ltr'>amicorum</span> <span class='ocrx_word' id='word_1_93' title='bbox 580 2609 763 2692; x_wconf 79' lang='lat' dir='ltr'>iniuriis?</span> <span class='ocrx_word' id='word_1_94' title='bbox 784 2611 834 2693; x_wconf 89' lang='lat' dir='ltr'>Id</span> <span class='ocrx_word' id='word_1_95' title='bbox 856 2610 953 2693; x_wconf 84' lang='lat' dir='ltr'>fecit</span> <span class='ocrx_word' id='word_1_96' title='bbox 974 2617 1121 2712; x_wconf 85' lang='lat' dir='ltr'>amice,</span> 
     </span>
     <span class='ocr_line' id='line_1_17' title="bbox 118 2758 1120 2873; baseline 0.001 -32"><span class='ocrx_word' id='word_1_97' title='bbox 118 2765 409 2873; x_wconf 71' lang='lat' dir='ltr'>maximumque</span> <span class='ocrx_word' id='word_1_98' title='bbox 435 2765 481 2842; x_wconf 90' lang='lat' dir='ltr'>in</span> <span class='ocrx_word' id='word_1_99' title='bbox 511 2789 558 2842; x_wconf 83' lang='lat' dir='ltr'>ec</span> <span class='ocrx_word' id='word_1_100' title='bbox 587 2758 752 2841; x_wconf 78' lang='lat' dir='ltr'>adhibet</span> <span class='ocrx_word' id='word_1_101' title='bbox 784 2758 1120 2863; x_wconf 68' lang='lat' dir='ltr'>moderationem</span> 
     </span>
     <span class='ocr_line' id='line_1_18' title="bbox 117 2908 1120 3024; baseline 0.005 -38"><span class='ocrx_word' id='word_1_102' title='bbox 117 2909 235 2991; x_wconf 86' lang='lat' dir='ltr'>immo</span> <span class='ocrx_word' id='word_1_103' title='bbox 264 2914 504 3024; x_wconf 78' lang='lat' dir='ltr'>comparatis</span> <span class='ocrx_word' id='word_1_104' title='bbox 532 2908 647 2992; x_wconf 80' lang='lat' dir='ltr'>factis</span> <span class='ocrx_word' id='word_1_105' title='bbox 690 2939 729 2992; x_wconf 87' lang='lat' dir='ltr'>se</span> <span class='ocrx_word' id='word_1_106' title='bbox 769 2937 839 2991; x_wconf 81' lang='lat' dir='ltr'>sua</span> <span class='ocrx_word' id='word_1_107' title='bbox 860 2925 967 2992; x_wconf 78' lang='lat' dir='ltr'>&#39;sorte</span> <span class='ocrx_word' id='word_1_108' title='bbox 996 2911 1120 3024; x_wconf 82' lang='lat' dir='ltr'>magis</span> 
     </span>
     <span class='ocr_line' id='line_1_19' title="bbox 118 3055 1119 3173; baseline 0.004 -34"><span class='ocrx_word' id='word_1_109' title='bbox 118 3055 298 3142; x_wconf 71' lang='lat' dir='ltr'>delectari</span> <span class='ocrx_word' id='word_1_110' title='bbox 338 3065 419 3162; x_wconf 79' lang='lat' dir='ltr'>ult,</span> <span class='ocrx_word' id='word_1_111' title='bbox 460 3075 587 3172; x_wconf 76' lang='lat' dir='ltr'>quern</span> <span class='ocrx_word' id='word_1_112' title='bbox 623 3091 666 3144; x_wconf 89' lang='lat' dir='ltr'>re</span> <span class='ocrx_word' id='word_1_113' title='bbox 700 3064 818 3144; x_wconf 85' lang='lat' dir='ltr'>amici</span> <span class='ocrx_word' id='word_1_114' title='bbox 848 3060 1119 3173; x_wconf 72' lang='lat' dir='ltr'>deleretque</span> 
     </span>
     <span class='ocr_line' id='line_1_20' title="bbox 117 3203 1118 3321; baseline 0.003 -33"><span class='ocrx_word' id='word_1_115' title='bbox 117 3222 229 3317; x_wconf 84' lang='lat' dir='ltr'>pacto</span> <span class='ocrx_word' id='word_1_116' title='bbox 258 3203 394 3321; x_wconf 81' lang='lat' dir='ltr'>Appio</span> <span class='ocrx_word' id='word_1_117' title='bbox 416 3215 479 3298; x_wconf 85' lang='lat' dir='ltr'>ius</span> <span class='ocrx_word' id='word_1_118' title='bbox 507 3216 627 3294; x_wconf 86' lang='lat' dir='ltr'>etiarn</span> <span class='ocrx_word' id='word_1_119' title='bbox 667 3229 757 3294; x_wconf 84' lang='lat' dir='ltr'>turn</span> <span class='ocrx_word' id='word_1_120' title='bbox 799 3212 948 3294; x_wconf 86' lang='lat' dir='ltr'>dicenti</span> <span class='ocrx_word' id='word_1_121' title='bbox 986 3213 1030 3290; x_wconf 90' lang='lat' dir='ltr'>in</span> <span class='ocrx_word' id='word_1_122' title='bbox 1073 3239 1118 3291; x_wconf 85' lang='lat' dir='ltr'>ea</span> 
     </span>
     <span class='ocr_line' id='line_1_21' title="bbox 118 3363 1117 3472; baseline 0 -32"><span class='ocrx_word' id='word_1_123' title='bbox 118 3364 345 3469; x_wconf 82' lang='lat' dir='ltr'>provincie,</span> <span class='ocrx_word' id='word_1_124' title='bbox 373 3365 415 3442; x_wconf 91' lang='lat' dir='ltr'>in</span> <span class='ocrx_word' id='word_1_125' title='bbox 437 3389 517 3472; x_wconf 85' lang='lat' dir='ltr'>qua</span> <span class='ocrx_word' id='word_1_126' title='bbox 539 3363 603 3444; x_wconf 92' lang='lat' dir='ltr'>ille</span> <span class='ocrx_word' id='word_1_127' title='bbox 626 3364 858 3444; x_wconf 86' lang='lat' dir='ltr'>successisse</span> <span class='ocrx_word' id='word_1_128' title='bbox 880 3363 1117 3443; x_wconf 81' lang='lat' dir='ltr'>Ciceronem</span> 
     </span>
     <span class='ocr_line' id='line_1_22' title="bbox 120 3509 1117 3625; baseline 0.003 -39"><span class='ocrx_word' id='word_1_129' title='bbox 120 3511 305 3620; x_wconf 81' lang='lat' dir='ltr'>suspicari</span> <span class='ocrx_word' id='word_1_130' title='bbox 329 3526 505 3622; x_wconf 81' lang='lat' dir='ltr'>poterat,</span> <span class='ocrx_word' id='word_1_131' title='bbox 528 3511 705 3594; x_wconf 89' lang='lat' dir='ltr'>scribens</span> <span class='ocrx_word' id='word_1_132' title='bbox 727 3509 943 3625; x_wconf 83' lang='lat' dir='ltr'>significat,</span> <span class='ocrx_word' id='word_1_133' title='bbox 965 3509 1038 3590; x_wconf 90' lang='lat' dir='ltr'>sibi</span> <span class='ocrx_word' id='word_1_134' title='bbox 1061 3513 1117 3593; x_wconf 89' lang='lat' dir='ltr'>vi-</span> 
     </span>
    </p>
   </div>
   <div class='ocr_carea' id='block_1_5' title="bbox 157 3827 701 3925">
    <p class='ocr_par' dir='ltr' id='par_1_5' title="bbox 157 3827 701 3925">
     <span class='ocr_line' id='line_1_23' title="bbox 157 3827 701 3925; baseline 0.018 -31"><span class='ocrx_word' id='word_1_135' title='bbox 157 3837 194 3916; x_wconf 76' lang='lat'>(¹)</span> <span class='ocrx_word' id='word_1_136' title='bbox 216 3838 262 3899; x_wconf 80' lang='lat' dir='ltr'>nd</span> <span class='ocrx_word' id='word_1_137' title='bbox 282 3839 371 3901; x_wconf 71' lang='lat' dir='ltr'>eund.</span> <span class='ocrx_word' id='word_1_138' title='bbox 392 3862 439 3925; x_wconf 73' lang='lat' dir='ltr'>ep.</span> <span class='ocrx_word' id='word_1_139' title='bbox 463 3827 652 3916; x_wconf 85' lang='lat' dir='ltr'>ccxxvn&#39;,</span> <span class='ocrx_word' id='word_1_140' title='bbox 678 3867 701 3904; x_wconf 88' lang='lat' dir='ltr'>t.</span> 
     </span>
    </p>
   </div>
   <div class='ocr_carea' id='block_1_6' title="bbox 0 0 1422 5012">
    <p class='ocr_par' dir='ltr' id='par_1_6' title="bbox 0 0 1422 5012">
     <span class='ocr_line' id='line_1_24' title="bbox 0 0 1422 5012; baseline 0 3"><span class='ocrx_word' id='word_1_141' title='bbox 0 0 1422 5012; x_wconf 95' lang='lat' dir='ltr'> </span> 
     </span>
    </p>
   </div>
  </div>
 </body>
</html>
