2924 5002
342 398 413 470 300
720 413 891 462 uelsuous
916 415 945 462 u.
1116 412 1147 462 l.
1164 413 1198 466 v.
1216 417 1244 464 c.
1262 412 1312 482 ⁶94

251 602 254 612 A
341 521 454 621 cupio.
488 518 622 615 Quare,
654 529 695 588 ut
726 516 909 590 Numestio
943 513 1109 590 mandavi
1116 571 1132 614 ,Ν
1156 529 1271 591 tecum
1297 535 1338 593 ut
1452 517 1453 522 ’

346 659 481 746 ageret,
504 646 607 743 item,
632 656 738 744 atque
763 668 823 742 eo,
848 645 878 714 si
901 655 1034 743 potest,
1067 643 1196 742 aeuus,
1221 657 1257 717 te
1280 671 1339 720 ro-

342 797 404 870 go,
435 783 477 842 ut
508 769 614 871 plane
650 768 696 844 ad
725 792 791 841 nos
826 766 976 844 advoles.
1008 769 1210 868 Respiram,
1241 771 1272 843 si
1303 785 1339 843 te

339 897 469 972 videro.

808 1146 866 1222 LI·
1087 1185 1316 1246 (sessus)

342 1329 561 1408 Argumentum.
588 1345 598 1384 1
624 1322 736 1384 Scribit
747 1322 918 1387 Varronem
940 1327 971 1383 in
992 1321 1093 1382 officio
1114 1321 1170 1382 sibi
1190 1342 1252 1399 uon
1270 1325 1341 1381 salis

379 1433 492 1508 lacere3
520 1451 538 1490 2
565 1429 604 1490 ab
632 1429 793 1491 Hortensio
825 1450 899 1490 vero
925 1451 956 1489 se
981 1428 1282 1490 honorifieentissime
1309 1430 1341 1486 iu

381 1542 518 1599 oratione
539 1537 694 1597 laudatum
717 1558 797 1611 esse;
820 1538 837 1597 3
857 1538 982 1608 iterum,
1002 1546 1037 1596 ut
1055 1555 1125 1596 mox
1145 1535 1275 1595 Romam
1291 1553 1341 1594 ue·

380 1645 468 1716 deal,
489 1645 621 1704 Atticum
641 1652 735 1724 rogat.

515 1858 568 1910 Ser.
586 1857 680 1910 Romae
697 1857 728 1910 Δ.
746 1855 780 1909 V.
798 1855 828 1909 C.
845 1853 985 1924 ncxcw,
1003 1870 1071 1908 meu.
1087 1855 1159 1908 Sext.

649 2052 793 2118 CICERO
817 2051 967 2118 ATTICO
992 2053 1022 2116 S.

393 2297 407 2344 1
438 2269 559 2364 Quum
584 2266 735 2369 aliquem
760 2265 854 2367 apud
885 2278 921 2340 te
948 2261 1095 2340 laudaro
1120 2277 1261 2341 tuorum
1286 2241 1339 2341 fu·

340 2394 543 2493 milianum,
568 2392 686 2468 volam
710 2391 808 2464 illum
834 2394 922 2465 scire
947 2405 1067 2491 exte,
1094 2417 1150 2466 me
1174 2387 1213 2465 id
1238 2391 1341 2467 fecis-

340 2547 377 2594 se
397 2537 408 2570 ¹
420 2549 430 2621 5
456 2534 496 2593 ut
520 2545 634 2621 nuper
657 2543 714 2593 me
739 2519 806 2592 scis
839 2519 1018 2618 scripsisse
1048 2515 1094 2590 ad
1118 2531 1154 2590 te
1179 2517 1224 2592 de
1249 2517 1341 2593 Var-

338 2646 434 2719 ronis
459 2672 539 2744 erga
564 2670 621 2719 me
647 2645 763 2716 officio
770 2699 780 2742 ,
796 2657 831 2715 te
848 2642 894 2717 ad
916 2668 973 2716 me
998 2643 1233 2744 rescu'psisse‚
1259 2671 1339 2718 eam

342 2797 417 2844 rem
444 2795 598 2844 summae
623 2769 687 2842 tibi
712 2767 885 2869 voluptati
909 2793 994 2842 esse.
1008 2768 1082 2872 ,sed
1103 2795 1167 2868 ego
1184 2769 1344 2872 mallem,

343 2894 389 2968 ad
413 2897 530 2998 ipsum
553 2897 749 2997 scripsisses
761 2911 787 2994 ²,
805 2893 890 2966 mihi
914 2893 1011 2970 illum
1036 2892 1250 2996 satisfacere,
1266 2922 1342 2972 nou

339 3047 409 3123 quo
445 3023 589 3122 faceret,
625 3020 689 3096 sed
719 3035 760 3093 ut
790 3020 920 3094 faceret
936 3023 960 3093 ⁵.
1001 3019 1207 3096 Mirabiliter
1244 3026 1340 3124 euim

341 3162 499 3221 moratus
525 3161 578 3220 est
593 3147 623 3248 l,
649 3149 741 3221 sieut
769 3146 879 3247 nosti,
903 3137 1024 3244 ἑλικτοὶ,Ι
1055 3151 1105 3216 καί
1138 3149 1234 3218 οὐδέν.
1269 3147 1342 3222 Sed

342 3295 408 3344 nos
435 3286 594 3346 tenemus
618 3287 846 3375 praeceptum
868 3271 953 3344 illud
960 3328 971 3371 7
986 3275 1040 3354 τὰς
1065 3285 1123 3343 τῶν
1146 3281 1341 3369 κρατούντων.

391 3422 413 3468 2
439 3397 489 3470 At
514 3396 673 3497 hercule,
698 3398 785 3472 alter
808 3411 890 3472 tuus
914 3397 1104 3498 familiaris,
1128 3397 1332 3475 Hortalus⁵

341 3546 447 3620 quam
470 3523 574 3624 plena
600 3549 724 3624 manu,
759 3551 863 3626 quam
887 3526 1052 3624 ingenue,
1084 3551 1190 3626 quam
1216 3541 1341 3602 ornate

338 3660 478 3725 nostras
500 3649 620 3724 laudes
646 3652 683 3726 in
710 3665 801 3724 astra
825 3649 964 3724 sustulit
974 3653 1001 3750 ⁶,
1022 3675 1129 3752 quum
1155 3649 1200 3724 de
1219 3652 1341 3726 Flacci

341 3785 522 3876 praetura,
539 3790 575 3850 et
601 3777 644 3852 de
664 3776 723 3852 illo
748 3791 907 3879 tempore
931 3775 1161 3876 Allobrogum
1186 3778 1341 3853 diceret?

1331 3459 1343 3501 ,
1449 3469 1450 3480 ,

342 3897 399 3973 Sic
424 3900 570 4005 habeto,
600 3929 666 3978 nee
700 3903 894 3999 amantius,
925 3927 991 3975 nec
1029 3903 1319 3978 honon'ficeutius
1331 3960 1341 4004 7
1448 3991 1449 4020 ἢ
