2924 5002
330 357 401 428 288
662 375 831 428 uriarum
856 379 983 428 xuvrn.
1108 377 1139 426 a.
1155 381 1187 428 v.
1208 381 1236 428 c.
1254 379 1302 446 694

379 511 399 556 2
419 482 520 554 Nunc
538 480 623 554 mihi
640 495 676 554 et
694 479 847 554 consiliis
865 507 955 581 opus
972 494 1025 553 est
1042 481 1130 580 tuis,
1147 495 1184 554 et
1195 509 1327 584 amore,
1449 471 1450 510 ³

327 621 364 680 et
388 607 465 680 fide.
492 607 610 698 Quare
636 605 772 680 advola.
800 607 976 706 Expedita
1003 605 1089 678 mihi
1121 621 1224 680 erunt
1251 633 1325 682 orn-

326 734 403 832 nia,
427 733 457 805 si
482 747 517 805 te
542 731 690 807 habebo.
716 729 826 804 Multa
851 758 915 832 per
939 732 1136 805 Varronem
1167 747 1325 806 nostrum

326 860 380 958 agi
398 873 565 960 possunt,
590 886 678 960 quae
695 873 731 932 tc
748 873 893 957 urgente
910 872 1013 932 crunt
1029 861 1182 934 firmiora
1190 887 1202 958 3
1217 860 1325 934 multa

326 985 371 1057 ab
396 986 475 1092 ipso
500 983 628 1058 Publio
654 983 732 1057 elici
748 983 776 1082 ⁸,
800 982 910 1058 multa
935 983 1117 1084 cognosci,
1143 1011 1232 1086 quae
1263 985 1325 1058 tibi
1449 999 1450 1012 ¹

326 1109 465 1184 occulta
490 1135 663 1184 essenon
694 1123 880 1211 poterunt,
911 1109 1022 1184 multa
1047 1110 1153 1183 etiam
1170 1153 1229 1182 -.
1255 1111 1325 1184 Sed

327 1234 516 1311 absurdum
542 1249 596 1309 est
626 1234 759 1334 singula
792 1233 982 1335 explicare,
1008 1248 1084 1308 tum
1115 1261 1180 1333 ego
1213 1236 1326 1336 requi

326 1385 403 1432 ram
434 1374 469 1432 te
502 1360 548 1434 ad
579 1361 706 1434 omnia.
739 1359 860 1432 Vnum
893 1359 981 1433 illud
1013 1359 1079 1436 tibi
1114 1359 1326 1459 persuadeas

282 1555 286 1564 ,
326 1485 447 1585 velim,
472 1488 590 1561 omnia
607 1487 694 1560 milri
710 1485 784 1561 sore
800 1485 989 1588 explicata,
1005 1487 1035 1559 si
1052 1499 1087 1558 te
1104 1485 1243 1560 videro:
1265 1488 1327 1560 sed

326 1625 441 1684 totum
465 1614 580 1686 estin
605 1639 664 1713 ec,
690 1614 718 1686 si
744 1626 842 1712 ante,
867 1639 973 1714 quam
998 1609 1055 1685 ille
1088 1611 1183 1684 ineat
1215 1613 1325 1710 magi·

325 1750 482 1810 stratum.
506 1737 616 1838 Puto,
644 1737 855 1839 Pompeium
887 1739 1014 1812 Crasso
1045 1749 1207 1837 urgente,
1232 1738 1262 1810 si
1288 1751 1327 1810 tu

325 1861 454 1961 aderis,
479 1863 539 1964 qui
563 1889 629 1963 per
652 1867 767 1954 βοῶπιν
792 1890 835 1940 ex
858 1863 938 1964 ipso
963 1861 1154 1962 intelligere
1170 1863 1285 1964 possis
1297 1881 1326 1962 9,
1449 1885 1450 1888 ¹

325 2013 394 2086 qua
418 1986 488 2060 fide
513 1987 558 2061 ab
583 1988 650 2062 illis
683 2003 821 2088 agatur,
846 2014 912 2063 nos
945 2002 1006 2062 aut
1037 1987 1113 2062 sine
1145 1987 1325 2089 molestia,

324 2125 385 2184 aut
411 2126 504 2186 certe
529 2113 603 2186 sine
628 2139 743 2188 errore
767 2115 912 2189 firturos.
937 2114 1105 2188 Precibus
1129 2114 1259 2187 nostris
1289 2127 1327 2187 et

324 2237 567 2312 cohortatione
582 2266 656 2313 non
672 2240 816 2340 indiges.
834 2239 932 2334 Quid
948 2239 1028 2313 mea¹
1042 2240 1220 2339 voluntas,
1238 2240 1326 2342 quid

323 2373 480 2463 tempus,
506 2363 592 2466 quid
616 2366 666 2438 rei
690 2366 895 2464 magnitudo
923 2365 1095 2465 postulet,
1117 2363 1292 2464 intelligis.

327 2573 328 2576 Ἴ
373 2489 475 2562 3De
499 2516 537 2562 re
568 2490 711 2592 publica
742 2490 828 2563 nihil
861 2490 976 2564 haheo
1009 2488 1056 2563 ad
1088 2504 1123 2563 te
1156 2490 1325 2590 scribere,

255 2639 259 2646 ¹
321 2611 389 2686 nisi
414 2641 589 2690 summum
613 2618 735 2690 odium
754 2633 782 2667 ¹⁰
809 2617 966 2690 omnium
989 2615 1175 2690 hominum
1191 2617 1229 2688 in
1247 2642 1326 2715 eos,

322 2739 382 2838 qui
406 2753 529 2815 tenent
554 2745 688 2842 omnia,
715 2743 919 2817 mutationis
953 2756 1071 2816 tamen
1103 2769 1183 2842 spes
1215 2741 1324 2815 nulla.

322 2861 392 2935 Sed
417 2866 513 2966 quod
536 2868 636 2943 facile
653 2868 799 2967 sentias,
824 2868 943 2942 taedet
959 2869 1077 2969 ipsum
1093 2869 1325 2967 Pompeium,

320 2986 614 3095 vehementerque
625 2995 794 3096 poenitet.
812 2993 894 3068 Non
911 2993 1083 3094 provideo
1097 2994 1199 3092 satis,
1217 3021 1325 3094 quem

320 3091 452 3187 exitum
477 3117 632 3192 futurum
656 3134 786 3221 putem.
821 3118 891 3192 Sed
917 3132 1010 3192 certe
1035 3119 1202 3194 videntur
1234 3119 1325 3193 haec

320 3233 438 3336 aliquo
464 3257 637 3341 eruptura.

370 3361 395 3454 4
418 3361 543 3437 Libros
560 3366 766 3467 Alexandri,
784 3366 988 3466 negligentis
1004 3366 1177 3468 hominis,
1194 3381 1231 3440 et
1250 3393 1324 3442 non

319 3481 405 3556 boni
429 3496 573 3591 poetae,
598 3491 659 3566 sed
686 3507 804 3566 tamen
828 3517 903 3566 non
928 3491 1077 3592 inutilis,
1102 3493 1167 3565 tibi
1194 3494 1323 3568 remisi.

369 3606 391 3682 5
417 3609 620 3730 Numerium
637 3618 857 3692 Numestium
874 3615 1023 3690 libenter
1040 3618 1161 3718 accepi
1178 3619 1217 3690 in
1237 3617 1320 3692 ami·

318 3730 451 3806 citiam:
477 3751 514 3810 ct
529 3739 708 3816 hominem
725 3765 886 3840 gravem,
909 3753 948 3812 et
963 3739 1195 3844 prudentem,
1220 3756 1256 3815 et
1269 3741 1319 3813 di·
1449 3767 1450 3840 j

317 3879 424 3953 gnum
449 3875 508 3938 tua
534 3869 840 3944 commendatione
865 3865 1026 3978 cognovi.

1449 4675 1450 4704 t

1449 4751 1450 4800 l

1449 4803 1450 4860 l

1449 4877 1450 4939 l
