2882 5002
329 401 377 474 60
691 423 860 474 sursrom
884 427 988 495 xvi.N
1104 423 1136 472 a.
1155 428 1187 471 v.
1205 425 1232 471 c.
1249 424 1300 486 692

328 543 398 628 est,
423 543 463 600 ut
486 551 550 626 ego
575 552 640 598 nec
665 553 729 625 per
756 527 948 624 bonorum,
980 553 1046 600 nec
1078 552 1142 626 per
1173 526 1326 627 popula-

327 683 402 731 rem
417 655 722 751 existimationem,
747 652 893 726 honestc
910 655 1043 752 possim
1059 652 1239 727 hominem
1265 654 1326 726 de·

327 783 487 857 fondere:
512 806 577 856 nec
601 781 688 854 mihi
710 779 834 879 libeat,
859 779 956 881 quod
972 779 1029 854 vel
1045 781 1235 853 maximum
1259 793 1326 854 est.

326 911 468 983 Etenim
493 907 620 982 accidit
643 905 734 1006 hoc,
758 905 855 1008 quod
880 919 995 980 totum
1027 905 1223 978 cuiusmodi
1255 907 1327 1005 sit,

326 1035 457 1110 mando
483 1033 563 1134 tibi,
586 1047 627 1106 ut
651 1033 850 1134 perspicias.
883 1032 1065 1107 Libertum
1094 1058 1158 1131 ego
1190 1031 1328 1132 habeo,

326 1147 409 1234 saue
435 1185 587 1261 nequam
610 1158 805 1257 hominem,
830 1157 989 1232 Hilarum
1015 1157 1111 1256 dico,
1136 1158 1328 1231 ratiocina-

327 1299 440 1360 torem
475 1299 511 1358 et
542 1284 703 1357 clientem
741 1289 859 1358 tuum
881 1286 935 1357 De
974 1310 1016 1358 eo
1049 1283 1136 1356 milri
1160 1283 1326 1356 Valerius

325 1413 497 1512 interpres
528 1411 687 1510 nuntiat,
719 1409 921 1511 Chiliusqne
955 1436 991 1483 se
1025 1410 1161 1483 audisse
1201 1409 1328 1483 scribit

325 1537 431 1610 haec:
465 1563 539 1610 esse
571 1536 786 1610 hominem⁸
812 1564 893 1610 cum
918 1538 1095 1636 Antonio,
1126 1537 1327 1610 Antonium
1434 1553 1435 1558 ’

324 1688 432 1763 porro
455 1664 494 1735 in
518 1661 682 1760 cogendis
699 1663 858 1763 pecuniis
877 1663 1053 1761 dictitare,
1078 1676 1216 1763 partem
1232 1662 1327 1733 mihi

325 1789 460 1890 quaeri,
485 1803 520 1862 et
545 1815 566 1862 a
590 1815 646 1862 mc
672 1789 855 1862 custodem
882 1791 1077 1862 communis
1103 1803 1268 1892 quaestus
1285 1788 1327 1860 li·

322 1912 462 1988 bertum
487 1941 561 1989 esse
586 1916 740 1989 missum.
765 1913 848 1988 Non
873 1943 951 1988 sum
974 1915 1196 1990 mediocriter
1223 1939 1325 1988 com-

322 2054 456 2139 motus,
487 2067 600 2142 neque
634 2055 752 2113 tamen
768 2040 938 2140 credidi,
970 2041 1033 2114 sed
1065 2053 1158 2114 certe
1189 2041 1327 2142 aliquid

323 2167 491 2238 sermonis
527 2165 599 2238 suit.
633 2167 765 2239 Totum
797 2168 987 2265 investiga,
1020 2192 1193 2265 cognosce
1200 2222 1211 2266 ,
1242 2193 1326 2266 per-

323 2291 434 2390 spice,
460 2306 496 2364 et
519 2291 731 2365 nebulonem
754 2291 869 2392 illum,
896 2295 924 2367 si
950 2319 1021 2396 quo
1054 2307 1160 2393 pacto
1191 2305 1323 2392 potes,

323 2442 366 2488 ex
395 2417 470 2490 istis
503 2415 623 2490 locise
650 2445 782 2493 amove.
815 2421 926 2498 Huius
960 2421 1128 2492 sermonis
1159 2417 1323 2492 Valerius

321 2557 500 2617 auctorem
525 2546 587 2618 Cn.
614 2545 796 2620 Plancium
817 2562 846 2598 ¹⁰
863 2546 1076 2620 nominabat.
1102 2545 1238 2620 Mando
1257 2544 1323 2618 tibi

319 2668 440 2769 plane,
465 2684 595 2769 totum,
620 2685 660 2742 ut
685 2672 823 2770 vidone,
848 2672 1048 2745 cuiusmodi·
1069 2673 1124 2744 sit.

369 2798 390 2869 3
416 2799 626 2897 Pompeium
650 2797 753 2870 nobis
787 2799 1033 2870 amicissimum
1066 2808 1206 2871 constat
1232 2821 1315 2870 esse.

319 2920 517 2994 Divortium
538 2939 565 2971 ¹1
594 2922 730 2996 Muciae
757 2922 981 2997 vehementer
1008 2923 1187 3024 probatur.

369 3049 392 3140 4
418 3050 456 3119 Ρ.
482 3046 661 3149 Clodium,
687 3051 794 3150 Appii
811 3051 869 3150 Ε,
887 3050 993 3125 credo
1010 3066 1045 3123 te
1063 3050 1217 3148 audisse,
1243 3076 1322 3122 cum

318 3186 415 3246 veste
445 3174 605 3248 muliebri
642 3175 899 3276 deprehensum
936 3177 1031 3251 domi
1064 3179 1101 3251 C.
1136 3177 1322 3272 Caesaris,

318 3324 425 3398 quum
457 3326 523 3398 pro
554 3302 688 3402 populo
721 3305 820 3376 fieret
840 3319 879 3402 ¹²,
911 3329 1060 3406 eumque
1094 3329 1158 3403 per
1190 3328 1318 3375 manus

316 3423 472 3500 servulae
492 3428 520 3476 ¹³
546 3442 721 3502 servatum
754 3442 789 3501 et
822 3428 1004 3529 eductum,
1036 3455 1111 3503 rem
1135 3453 1211 3502 esse
1237 3428 1317 3501 iusi·

210 3621 214 3630 .
316 3549 374 3648 gni
397 3550 555 3653 infamia,
580 3555 676 3655 quod
702 3569 736 3628 te
761 3554 908 3629 moleste
933 3556 1021 3629 ferre
1048 3569 1145 3628 certo
1180 3555 1255 3627 scio
1276 3550 1316 3626 ¹4.

366 3675 388 3748 5
415 3677 522 3769 Quod
543 3693 723 3779 praeterea
741 3679 787 3753 ad
804 3695 839 3754 te
858 3681 1025 3780 scribam,
1050 3707 1124 3754 non
1140 3679 1257 3755 habeo
1278 3682 1316 3780 ¹⁵5

257 3875 259 3884 ,
315 3814 351 3873 et
381 3802 578 3877 mehercule
603 3833 698 3884 eram
722 3807 964 3881 conturbatior
985 3811 1025 3878 ¹⁶.
1052 3807 1141 3880 Nam
1164 3834 1254 3907 puer
1270 3807 1315 3878 fe-

315 3927 442 4028 stivus,
474 3947 681 4030 anagnostes
709 3950 735 3998 ¹⁷
772 3947 908 4032 noster,
942 3934 1123 4010 Sositheus
1158 3936 1314 4012 decesse-
