<?xml version="1.0" encoding="UTF-8"?>
<!DOCTYPE html PUBLIC "-//W3C//DTD XHTML 1.0 Transitional//EN"
    "http://www.w3.org/TR/xhtml1/DTD/xhtml1-transitional.dtd">
<html xmlns="http://www.w3.org/1999/xhtml" xml:lang="en" lang="en">
 <head>
  <title>
</title>
<meta http-equiv="Content-Type" content="text/html;charset=utf-8" />
  <meta name='ocr-system' content='tesseract 3.04.00' />
  <meta name='ocr-capabilities' content='ocr_page ocr_carea ocr_par ocr_line ocrx_word'/>
</head>
<body>
  <div class='ocr_page' id='page_1' title='image "./mtulliiciceroni76cicegoog_0069.png"; bbox 0 0 2834 5012; ppageno 0'>
   <div class='ocr_carea' id='block_1_1' title="bbox 708 443 1297 508">
    <p class='ocr_par' dir='ltr' id='par_1_1' title="bbox 708 443 1297 508">
     <span class='ocr_line' id='line_1_1' title="bbox 708 443 1297 508; baseline 0.003 -16"><span class='ocrx_word' id='word_1_1' title='bbox 708 445 880 494; x_wconf 75' lang='lat' dir='ltr'><strong>arrarum</strong></span> <span class='ocrx_word' id='word_1_2' title='bbox 906 447 951 496; x_wconf 87' lang='lat' dir='ltr'><strong>rx.</strong></span> <span class='ocrx_word' id='word_1_3' title='bbox 1112 443 1191 496; x_wconf 69' lang='lat' dir='ltr'><strong>nv.</strong></span> <span class='ocrx_word' id='word_1_4' title='bbox 1210 447 1238 494; x_wconf 91' lang='lat' dir='ltr'><strong>c.</strong></span> <span class='ocrx_word' id='word_1_5' title='bbox 1253 443 1297 508; x_wconf 65' lang='lat' dir='ltr'><strong>seq</strong></span> 
     </span>
    </p>
   </div>
   <div class='ocr_carea' id='block_1_2' title="bbox 793 643 1303 748">
    <p class='ocr_par' dir='ltr' id='par_1_2' title="bbox 793 643 1303 748">
     <span class='ocr_line' id='line_1_2' title="bbox 793 643 1303 748; baseline 0.008 -17"><span class='ocrx_word' id='word_1_6' title='bbox 793 643 859 718; x_wconf 77' lang='lat' dir='ltr'><strong>IX·</strong></span> <span class='ocrx_word' id='word_1_7' title='bbox 1091 686 1303 748; x_wconf 58' lang='lat' dir='ltr'><strong>(santam)</strong></span> 
     </span>
    </p>
   </div>
   <div class='ocr_carea' id='block_1_3' title="bbox 331 847 1324 1511">
    <p class='ocr_par' dir='ltr' id='par_1_3' title="bbox 331 847 1324 1232">
     <span class='ocr_line' id='line_1_3' title="bbox 331 847 1324 933; baseline -0.01 -17"><span class='ocrx_word' id='word_1_8' title='bbox 331 854 549 933; x_wconf 73' lang='lat' dir='ltr'><strong>Argumentum</strong></span> <span class='ocrx_word' id='word_1_9' title='bbox 574 869 585 909; x_wconf 86' lang='lat' dir='ltr'><strong>r</strong></span> <span class='ocrx_word' id='word_1_10' title='bbox 602 849 740 930; x_wconf 82' lang='lat' dir='ltr'><strong>Rogetur</strong></span> <span class='ocrx_word' id='word_1_11' title='bbox 751 847 880 920; x_wconf 76' lang='lat' dir='ltr'><strong>Atticus,</strong></span> <span class='ocrx_word' id='word_1_12' title='bbox 893 857 928 908; x_wconf 87' lang='lat' dir='ltr'><strong>ut</strong></span> <span class='ocrx_word' id='word_1_13' title='bbox 941 847 1071 908; x_wconf 84' lang='lat' dir='ltr'><strong>Romam</strong></span> <span class='ocrx_word' id='word_1_14' title='bbox 1085 847 1215 926; x_wconf 82' lang='lat' dir='ltr'><strong>Quintili</strong></span> <span class='ocrx_word' id='word_1_15' title='bbox 1232 855 1324 908; x_wconf 82' lang='lat' dir='ltr'><strong>mense</strong></span> 
     </span>
     <span class='ocr_line' id='line_1_4' title="bbox 371 953 1324 1038; baseline -0.007 -18"><span class='ocrx_word' id='word_1_16' title='bbox 371 961 489 1030; x_wconf 87' lang='lat' dir='ltr'><strong>veniat,</strong></span> <span class='ocrx_word' id='word_1_17' title='bbox 519 959 596 1018; x_wconf 83' lang='lat' dir='ltr'><strong>sicut</strong></span> <span class='ocrx_word' id='word_1_18' title='bbox 624 957 812 1038; x_wconf 77' lang='lat' dir='ltr'><strong>promiserat.</strong></span> <span class='ocrx_word' id='word_1_19' title='bbox 836 973 854 1014; x_wconf 78' lang='lat' dir='ltr'><strong>a</strong></span> <span class='ocrx_word' id='word_1_20' title='bbox 875 955 923 1014; x_wconf 87' lang='lat' dir='ltr'><strong>De</strong></span> <span class='ocrx_word' id='word_1_21' title='bbox 945 954 979 1015; x_wconf 90' lang='lat' dir='ltr'><strong>C.</strong></span> <span class='ocrx_word' id='word_1_22' title='bbox 1001 955 1096 1014; x_wconf 87' lang='lat' dir='ltr'><strong>Macri</strong></span> <span class='ocrx_word' id='word_1_23' title='bbox 1117 953 1324 1028; x_wconf 83' lang='lat' dir='ltr'><strong>damnatione3</strong></span> 
     </span>
     <span class='ocr_line' id='line_1_5' title="bbox 371 1059 1324 1143; baseline -0.006 -17"><span class='ocrx_word' id='word_1_24' title='bbox 371 1065 389 1126; x_wconf 82' lang='lat'><strong>3</strong></span> <span class='ocrx_word' id='word_1_25' title='bbox 410 1067 518 1125; x_wconf 79' lang='lat' dir='ltr'><strong>iterum</strong></span> <span class='ocrx_word' id='word_1_26' title='bbox 545 1061 584 1123; x_wconf 83' lang='lat' dir='ltr'><strong>de</strong></span> <span class='ocrx_word' id='word_1_27' title='bbox 602 1063 693 1143; x_wconf 81' lang='lat' dir='ltr'><strong>signis</strong></span> <span class='ocrx_word' id='word_1_28' title='bbox 713 1061 824 1132; x_wconf 84' lang='lat' dir='ltr'><strong>missis,</strong></span> <span class='ocrx_word' id='word_1_29' title='bbox 845 1070 876 1122; x_wconf 89' lang='lat' dir='ltr'><strong>et</strong></span> <span class='ocrx_word' id='word_1_30' title='bbox 895 1059 981 1121; x_wconf 84' lang='lat' dir='ltr'><strong>libris</strong></span> <span class='ocrx_word' id='word_1_31' title='bbox 1001 1059 1058 1121; x_wconf 87' lang='lat' dir='ltr'><strong>sibi</strong></span> <span class='ocrx_word' id='word_1_32' title='bbox 1079 1059 1120 1122; x_wconf 86' lang='lat' dir='ltr'><strong>ab</strong></span> <span class='ocrx_word' id='word_1_33' title='bbox 1139 1061 1242 1122; x_wconf 81' lang='lat' dir='ltr'><strong>Attico</strong></span> <span class='ocrx_word' id='word_1_34' title='bbox 1261 1081 1324 1120; x_wconf 90' lang='lat' dir='ltr'><strong>oon·</strong></span> 
     </span>
     <span class='ocr_line' id='line_1_6' title="bbox 369 1169 531 1232; baseline -0.012 0"><span class='ocrx_word' id='word_1_35' title='bbox 369 1169 531 1232; x_wconf 72' lang='lat' dir='ltr'><strong>servandis.¹</strong></span> 
     </span>
    </p>

    <p class='ocr_par' dir='ltr' id='par_1_4' title="bbox 498 1344 1157 1511">
     <span class='ocr_line' id='line_1_7' title="bbox 560 1344 1097 1402; baseline -0.009 0"><span class='ocrx_word' id='word_1_36' title='bbox 560 1347 615 1402; x_wconf 75' lang='lat' dir='ltr'><strong>Ser.</strong></span> <span class='ocrx_word' id='word_1_37' title='bbox 635 1347 729 1400; x_wconf 77' lang='lat' dir='ltr'><strong>llomae</strong></span> <span class='ocrx_word' id='word_1_38' title='bbox 746 1347 777 1400; x_wconf 85' lang='grc' dir='ltr'><strong>Δ.</strong></span> <span class='ocrx_word' id='word_1_39' title='bbox 795 1345 829 1401; x_wconf 87' lang='lat' dir='ltr'><strong>V.</strong></span> <span class='ocrx_word' id='word_1_40' title='bbox 848 1346 880 1400; x_wconf 82' lang='lat' dir='ltr'><strong>C.</strong></span> <span class='ocrx_word' id='word_1_41' title='bbox 898 1344 1097 1400; x_wconf 78' lang='lat' dir='ltr'><strong>uctxxxvll.</strong></span> 
     </span>
     <span class='ocr_line' id='line_1_8' title="bbox 498 1438 1157 1511; baseline -0.011 -15"><span class='ocrx_word' id='word_1_42' title='bbox 498 1443 533 1496; x_wconf 86' lang='lat' dir='ltr'><strong>ll.</strong></span> <span class='ocrx_word' id='word_1_43' title='bbox 552 1442 660 1494; x_wconf 80' lang='lat' dir='ltr'><strong>Aemilio</strong></span> <span class='ocrx_word' id='word_1_44' title='bbox 677 1440 791 1511; x_wconf 72' lang='lat' dir='ltr'><strong>lepido,</strong></span> <span class='ocrx_word' id='word_1_45' title='bbox 810 1438 840 1492; x_wconf 88' lang='lat'><strong>1..</strong></span> <span class='ocrx_word' id='word_1_46' title='bbox 858 1438 976 1492; x_wconf 72' lang='lat' dir='ltr'>Volcatio</span> <span class='ocrx_word' id='word_1_47' title='bbox 993 1439 1071 1493; x_wconf 87' lang='lat' dir='ltr'><strong>Tullo</strong></span> <span class='ocrx_word' id='word_1_48' title='bbox 1088 1439 1157 1493; x_wconf 80' lang='lat' dir='ltr'><strong>Coss.</strong></span> 
     </span>
    </p>
   </div>
   <div class='ocr_carea' id='block_1_4' title="bbox 641 1609 1019 1676">
    <p class='ocr_par' dir='ltr' id='par_1_5' title="bbox 641 1609 1019 1676">
     <span class='ocr_line' id='line_1_9' title="bbox 641 1609 1019 1676; baseline -0.005 0"><span class='ocrx_word' id='word_1_49' title='bbox 641 1610 787 1676; x_wconf 85' lang='lat' dir='ltr'>CICERO</span> <span class='ocrx_word' id='word_1_50' title='bbox 811 1609 963 1675; x_wconf 81' lang='lat' dir='ltr'>ATTICO</span> <span class='ocrx_word' id='word_1_51' title='bbox 989 1611 1019 1674; x_wconf 91' lang='lat' dir='ltr'><strong>S.</strong></span> 
     </span>
    </p>
   </div>
   <div class='ocr_carea' id='block_1_5' title="bbox 221 1793 1400 3877">
    <p class='ocr_par' dir='ltr' id='par_1_6' title="bbox 300 1793 1400 3150">
     <span class='ocr_line' id='line_1_10' title="bbox 391 1793 1325 1898; baseline -0.005 -22"><span class='ocrx_word' id='word_1_52' title='bbox 391 1829 404 1876; x_wconf 91' lang='lat'>1</span> <span class='ocrx_word' id='word_1_53' title='bbox 434 1793 583 1876; x_wconf 78' lang='lat' dir='ltr'><strong>Crebrae</strong></span> <span class='ocrx_word' id='word_1_54' title='bbox 608 1798 887 1898; x_wconf 81' lang='lat' dir='ltr'><strong>exspectationes</strong></span> <span class='ocrx_word' id='word_1_55' title='bbox 915 1793 1019 1872; x_wconf 87' lang='lat' dir='ltr'><strong>nobis</strong></span> <span class='ocrx_word' id='word_1_56' title='bbox 1044 1799 1096 1871; x_wconf 90' lang='lat' dir='ltr'><strong>tui</strong></span> <span class='ocrx_word' id='word_1_57' title='bbox 1120 1823 1325 1875; x_wconf 80' lang='lat' dir='ltr'><strong>commoves.</strong></span> 
     </span>
     <span class='ocr_line' id='line_1_11' title="bbox 326 1921 1326 2030; baseline -0.005 -27"><span class='ocrx_word' id='word_1_58' title='bbox 326 1925 450 2029; x_wconf 83' lang='lat' dir='ltr'>Nuper</span> <span class='ocrx_word' id='word_1_59' title='bbox 475 1926 636 2030; x_wconf 90' lang='lat' dir='ltr'><strong>quidem,</strong></span> <span class='ocrx_word' id='word_1_60' title='bbox 672 1949 783 2028; x_wconf 89' lang='lat' dir='ltr'><strong>quum</strong></span> <span class='ocrx_word' id='word_1_61' title='bbox 814 1925 886 1996; x_wconf 90' lang='lat' dir='ltr'><strong>iam</strong></span> <span class='ocrx_word' id='word_1_62' title='bbox 909 1935 945 1996; x_wconf 87' lang='lat' dir='ltr'><strong>te</strong></span> <span class='ocrx_word' id='word_1_63' title='bbox 970 1921 1160 1998; x_wconf 89' lang='lat' dir='ltr'><strong>adventare</strong></span> <span class='ocrx_word' id='word_1_64' title='bbox 1185 1926 1326 1998; x_wconf 89' lang='lat' dir='ltr'><strong>arbitra·</strong></span> 
     </span>
     <span class='ocr_line' id='line_1_12' title="bbox 327 2047 1327 2152; baseline -0.006 -24"><span class='ocrx_word' id='word_1_65' title='bbox 327 2079 461 2150; x_wconf 73' lang='lat' dir='ltr'><strong>remur,</strong></span> <span class='ocrx_word' id='word_1_66' title='bbox 485 2065 630 2152; x_wconf 88' lang='lat' dir='ltr'><strong>repente</strong></span> <span class='ocrx_word' id='word_1_67' title='bbox 656 2047 719 2121; x_wconf 89' lang='lat' dir='ltr'><strong>abs</strong></span> <span class='ocrx_word' id='word_1_68' title='bbox 744 2062 780 2122; x_wconf 81' lang='lat' dir='ltr'><strong>te</strong></span> <span class='ocrx_word' id='word_1_69' title='bbox 805 2049 844 2120; x_wconf 89' lang='lat' dir='ltr'><strong>in</strong></span> <span class='ocrx_word' id='word_1_70' title='bbox 862 2073 1020 2122; x_wconf 90' lang='lat' dir='ltr'><strong>mensem</strong></span> <span class='ocrx_word' id='word_1_71' title='bbox 1036 2049 1233 2142; x_wconf 85' lang='lat' dir='ltr'><strong>Quintilem</strong></span> <span class='ocrx_word' id='word_1_72' title='bbox 1249 2052 1327 2124; x_wconf 86' lang='lat' dir='ltr'><strong>reie-</strong></span> 
     </span>
     <span class='ocr_line' id='line_1_13' title="bbox 328 2163 1325 2276; baseline -0.004 -25"><span class='ocrx_word' id='word_1_73' title='bbox 328 2177 377 2251; x_wconf 89' lang='lat' dir='ltr'><strong>cti</strong></span> <span class='ocrx_word' id='word_1_74' title='bbox 409 2202 536 2250; x_wconf 92' lang='lat' dir='ltr'><strong>sumus.</strong></span> <span class='ocrx_word' id='word_1_75' title='bbox 573 2174 677 2250; x_wconf 89' lang='lat' dir='ltr'><strong>Nunc</strong></span> <span class='ocrx_word' id='word_1_76' title='bbox 702 2200 787 2248; x_wconf 87' lang='lat' dir='ltr'><strong>vero</strong></span> <span class='ocrx_word' id='word_1_77' title='bbox 822 2199 947 2248; x_wconf 88' lang='lat' dir='ltr'><strong>censeo</strong></span> <span class='ocrx_word' id='word_1_78' title='bbox 967 2163 1001 2272; x_wconf 74' lang='lat'><strong>⁸,</strong></span> <span class='ocrx_word' id='word_1_79' title='bbox 1015 2175 1114 2276; x_wconf 91' lang='lat' dir='ltr'><strong>quod</strong></span> <span class='ocrx_word' id='word_1_80' title='bbox 1137 2175 1325 2250; x_wconf 89' lang='lat' dir='ltr'><strong>commodo</strong></span> 
     </span>
     <span class='ocr_line' id='line_1_14' title="bbox 327 2297 1400 2408; baseline -0.002 -32"><span class='ocrx_word' id='word_1_81' title='bbox 327 2315 391 2377; x_wconf 82' lang='lat' dir='ltr'><strong>tuo</strong></span> <span class='ocrx_word' id='word_1_82' title='bbox 416 2301 528 2376; x_wconf 87' lang='lat' dir='ltr'><strong>facere</strong></span> <span class='ocrx_word' id='word_1_83' title='bbox 560 2299 709 2401; x_wconf 81' lang='lat' dir='ltr'><strong>poteris,</strong></span> <span class='ocrx_word' id='word_1_84' title='bbox 743 2297 864 2374; x_wconf 87' lang='lat' dir='ltr'><strong>venias</strong></span> <span class='ocrx_word' id='word_1_85' title='bbox 897 2297 943 2372; x_wconf 89' lang='lat' dir='ltr'><strong>ad</strong></span> <span class='ocrx_word' id='word_1_86' title='bbox 967 2298 1006 2372; x_wconf 91' lang='lat' dir='ltr'><strong>id</strong></span> <span class='ocrx_word' id='word_1_87' title='bbox 1037 2313 1200 2402; x_wconf 84' lang='lat' dir='ltr'><strong>tempus,</strong></span> <span class='ocrx_word' id='word_1_88' title='bbox 1235 2299 1325 2403; x_wconf 87' lang='lat' dir='ltr'><strong>quod</strong></span> <span class='ocrx_word' id='word_1_89' title='bbox 1399 2399 1400 2408; x_wconf 8' lang='grc' dir='ltr'>ἵ</span> 
     </span>
     <span class='ocr_line' id='line_1_15' title="bbox 327 2426 1325 2528; baseline 0 -26"><span class='ocrx_word' id='word_1_90' title='bbox 327 2427 457 2502; x_wconf 89' lang='lat' dir='ltr'><strong>scribis.</strong></span> <span class='ocrx_word' id='word_1_91' title='bbox 483 2426 620 2500; x_wconf 90' lang='lat' dir='ltr'><strong>Obieris</strong></span> <span class='ocrx_word' id='word_1_92' title='bbox 646 2426 771 2519; x_wconf 89' lang='lat' dir='ltr'><strong>Quinti</strong></span> <span class='ocrx_word' id='word_1_93' title='bbox 795 2426 910 2500; x_wconf 80' lang='lat' dir='ltr'><strong>fratris</strong></span> <span class='ocrx_word' id='word_1_94' title='bbox 936 2427 1076 2500; x_wconf 90' lang='lat' dir='ltr'><strong>comitia</strong></span> <span class='ocrx_word' id='word_1_95' title='bbox 1088 2441 1115 2526; x_wconf 83' lang='lat'><strong>²,</strong></span> <span class='ocrx_word' id='word_1_96' title='bbox 1131 2452 1197 2502; x_wconf 91' lang='lat' dir='ltr'><strong>nos</strong></span> <span class='ocrx_word' id='word_1_97' title='bbox 1221 2428 1325 2528; x_wconf 84' lang='lat' dir='ltr'><strong>longo</strong></span> 
     </span>
     <span class='ocr_line' id='line_1_16' title="bbox 326 2549 1324 2650; baseline 0.001 -26"><span class='ocrx_word' id='word_1_98' title='bbox 326 2549 511 2626; x_wconf 87' lang='lat' dir='ltr'><strong>intervallo</strong></span> <span class='ocrx_word' id='word_1_99' title='bbox 529 2550 659 2650; x_wconf 85' lang='lat' dir='ltr'><strong>viseris,</strong></span> <span class='ocrx_word' id='word_1_100' title='bbox 673 2549 908 2623; x_wconf 86' lang='lat' dir='ltr'><strong>Acutilianam</strong></span> <span class='ocrx_word' id='word_1_101' title='bbox 926 2552 1202 2626; x_wconf 85' lang='lat' dir='ltr'><strong>controversiam</strong></span> <span class='ocrx_word' id='word_1_102' title='bbox 1219 2568 1324 2629; x_wconf 88' lang='lat' dir='ltr'><strong>trans·</strong></span> 
     </span>
     <span class='ocr_line' id='line_1_17' title="bbox 300 2674 1327 2776; baseline 0.003 -27"><span class='ocrx_word' id='word_1_103' title='bbox 300 2710 302 2714; x_wconf 94' lang='lat'>·</span> <span class='ocrx_word' id='word_1_104' title='bbox 326 2678 445 2776; x_wconf 83' lang='lat' dir='ltr'><strong>egeris.</strong></span> <span class='ocrx_word' id='word_1_105' title='bbox 483 2675 562 2749; x_wconf 90' lang='lat' dir='ltr'><strong>Hoc</strong></span> <span class='ocrx_word' id='word_1_106' title='bbox 592 2701 649 2749; x_wconf 90' lang='lat' dir='ltr'><strong>me</strong></span> <span class='ocrx_word' id='word_1_107' title='bbox 674 2676 779 2749; x_wconf 88' lang='lat' dir='ltr'><strong>etiam</strong></span> <span class='ocrx_word' id='word_1_108' title='bbox 802 2674 1022 2776; x_wconf 71' lang='lat' dir='ltr'><strong>Peducaeus,</strong></span> <span class='ocrx_word' id='word_1_109' title='bbox 1046 2691 1087 2749; x_wconf 91' lang='lat' dir='ltr'><strong>ut</strong></span> <span class='ocrx_word' id='word_1_110' title='bbox 1113 2677 1160 2752; x_wconf 89' lang='lat' dir='ltr'><strong>ad</strong></span> <span class='ocrx_word' id='word_1_111' title='bbox 1184 2691 1222 2750; x_wconf 86' lang='lat' dir='ltr'><strong>te</strong></span> <span class='ocrx_word' id='word_1_112' title='bbox 1247 2680 1327 2752; x_wconf 92' lang='lat' dir='ltr'><strong>scri·</strong></span> 
     </span>
     <span class='ocr_line' id='line_1_18' title="bbox 324 2799 1322 2905; baseline 0.002 -31"><span class='ocrx_word' id='word_1_113' title='bbox 324 2800 468 2902; x_wconf 81' lang='lat' dir='ltr'><strong>berem,</strong></span> <span class='ocrx_word' id='word_1_114' title='bbox 505 2799 698 2874; x_wconf 87' lang='lat' dir='ltr'><strong>admonuit.</strong></span> <span class='ocrx_word' id='word_1_115' title='bbox 734 2801 903 2874; x_wconf 87' lang='lat' dir='ltr'><strong>Putamus</strong></span> <span class='ocrx_word' id='word_1_116' title='bbox 928 2801 1022 2875; x_wconf 90' lang='lat' dir='ltr'><strong>enim</strong></span> <span class='ocrx_word' id='word_1_117' title='bbox 1053 2801 1138 2876; x_wconf 92' lang='lat' dir='ltr'><strong>utile</strong></span> <span class='ocrx_word' id='word_1_118' title='bbox 1171 2830 1266 2905; x_wconf 89' lang='lat' dir='ltr'><strong>esse,</strong></span> <span class='ocrx_word' id='word_1_119' title='bbox 1289 2817 1322 2876; x_wconf 87' lang='lat' dir='ltr'><strong>tc</strong></span> 
     </span>
     <span class='ocr_line' id='line_1_19' title="bbox 325 2924 1321 3027; baseline 0.002 -25"><span class='ocrx_word' id='word_1_120' title='bbox 325 2924 561 3027; x_wconf 84' lang='lat' dir='ltr'><strong>aliquando</strong></span> <span class='ocrx_word' id='word_1_121' title='bbox 551 2951 623 2999; x_wconf 85' lang='lat' dir='ltr'><strong>ram</strong></span> <span class='ocrx_word' id='word_1_122' title='bbox 658 2951 735 3000; x_wconf 87' lang='lat' dir='ltr'><strong>rem</strong></span> <span class='ocrx_word' id='word_1_123' title='bbox 771 2929 970 3027; x_wconf 83' lang='lat' dir='ltr'><strong>transigere</strong></span> <span class='ocrx_word' id='word_1_124' title='bbox 1010 2929 1089 3006; x_wconf 89' lang='lat' dir='ltr'><strong>Mea</strong></span> <span class='ocrx_word' id='word_1_125' title='bbox 1120 2931 1321 3006; x_wconf 83' lang='lat' dir='ltr'><strong>intercessio</strong></span> 
     </span>
     <span class='ocr_line' id='line_1_20' title="bbox 325 3049 748 3150; baseline 0.002 -27"><span class='ocrx_word' id='word_1_126' title='bbox 325 3063 448 3150; x_wconf 89' lang='lat' dir='ltr'><strong>parata</strong></span> <span class='ocrx_word' id='word_1_127' title='bbox 474 3064 510 3122; x_wconf 88' lang='lat' dir='ltr'><strong>et</strong></span> <span class='ocrx_word' id='word_1_128' title='bbox 534 3063 588 3124; x_wconf 91' lang='lat' dir='ltr'><strong>est</strong></span> <span class='ocrx_word' id='word_1_129' title='bbox 613 3064 650 3123; x_wconf 90' lang='lat' dir='ltr'><strong>et</strong></span> <span class='ocrx_word' id='word_1_130' title='bbox 672 3049 748 3124; x_wconf 85' lang='lat' dir='ltr'><strong>suit.</strong></span> 
     </span>
    </p>

    <p class='ocr_par' dir='ltr' id='par_1_7' title="bbox 221 3105 1323 3877">
     <span class='ocr_line' id='line_1_21' title="bbox 377 3105 1323 3284; baseline 0.009 -36"><span class='ocrx_word' id='word_1_131' title='bbox 377 3201 397 3248; x_wconf 80' lang='lat' dir='ltr'><strong>a</strong></span> <span class='ocrx_word' id='word_1_132' title='bbox 424 3174 499 3249; x_wconf 89' lang='lat' dir='ltr'><strong>Nos</strong></span> <span class='ocrx_word' id='word_1_133' title='bbox 524 3174 582 3249; x_wconf 89' lang='lat' dir='ltr'><strong>hic</strong></span> <span class='ocrx_word' id='word_1_134' title='bbox 606 3174 802 3250; x_wconf 71' lang='lat' dir='ltr'><strong>incredibili</strong></span> <span class='ocrx_word' id='word_1_135' title='bbox 834 3201 877 3250; x_wconf 87' lang='lat' dir='ltr'><strong>ac</strong></span> <span class='ocrx_word' id='word_1_136' title='bbox 913 3178 1078 3278; x_wconf 81' lang='lat' dir='ltr'><strong>singulari</strong></span> <span class='ocrx_word' id='word_1_137' title='bbox 1110 3105 1239 3284; x_wconf 85' lang='lat' dir='ltr'><strong>populi</strong></span> <span class='ocrx_word' id='word_1_138' title='bbox 1260 3208 1323 3256; x_wconf 85' lang='lat' dir='ltr'><strong>vo·</strong></span> 
     </span>
     <span class='ocr_line' id='line_1_22' title="bbox 324 3299 1323 3413; baseline 0.006 -37"><span class='ocrx_word' id='word_1_139' title='bbox 324 3299 459 3376; x_wconf 82' lang='lat' dir='ltr'><strong>luntate</strong></span> <span class='ocrx_word' id='word_1_140' title='bbox 497 3302 541 3376; x_wconf 91' lang='lat' dir='ltr'><strong>de</strong></span> <span class='ocrx_word' id='word_1_141' title='bbox 573 3304 611 3377; x_wconf 91' lang='lat' dir='ltr'><strong>C.</strong></span> <span class='ocrx_word' id='word_1_142' title='bbox 649 3304 770 3378; x_wconf 91' lang='lat' dir='ltr'><strong>Macro</strong></span> <span class='ocrx_word' id='word_1_143' title='bbox 808 3306 1084 3406; x_wconf 82' lang='lat' dir='ltr'><strong>transegimus³</strong></span> <span class='ocrx_word' id='word_1_144' title='bbox 1118 3309 1185 3383; x_wconf 89' lang='lat' dir='ltr'><strong>Cui</strong></span> <span class='ocrx_word' id='word_1_145' title='bbox 1219 3335 1323 3413; x_wconf 90' lang='lat' dir='ltr'><strong>quum</strong></span> 
     </span>
     <span class='ocr_line' id='line_1_23' title="bbox 325 3429 1320 3530; baseline 0.004 -29"><span class='ocrx_word' id='word_1_146' title='bbox 325 3429 427 3530; x_wconf 91' lang='lat' dir='ltr'><strong>aequi</strong></span> <span class='ocrx_word' id='word_1_147' title='bbox 452 3429 651 3528; x_wconf 78' lang='lat' dir='ltr'><strong>fuissemus,</strong></span> <span class='ocrx_word' id='word_1_148' title='bbox 683 3443 803 3503; x_wconf 89' lang='lat' dir='ltr'><strong>tamen</strong></span> <span class='ocrx_word' id='word_1_149' title='bbox 834 3430 948 3506; x_wconf 91' lang='lat' dir='ltr'><strong>multo</strong></span> <span class='ocrx_word' id='word_1_150' title='bbox 977 3433 1146 3508; x_wconf 90' lang='lat' dir='ltr'><strong>maiorem</strong></span> <span class='ocrx_word' id='word_1_151' title='bbox 1171 3433 1320 3508; x_wconf 85' lang='lat' dir='ltr'><strong>fructum</strong></span> 
     </span>
     <span class='ocr_line' id='line_1_24' title="bbox 325 3554 1323 3661; baseline 0.006 -36"><span class='ocrx_word' id='word_1_152' title='bbox 325 3578 368 3626; x_wconf 87' lang='lat' dir='ltr'><strong>ex</strong></span> <span class='ocrx_word' id='word_1_153' title='bbox 391 3554 516 3654; x_wconf 86' lang='lat' dir='ltr'><strong>populi</strong></span> <span class='ocrx_word' id='word_1_154' title='bbox 541 3556 813 3657; x_wconf 83' lang='lat' dir='ltr'><strong>existimatione,</strong></span> <span class='ocrx_word' id='word_1_155' title='bbox 842 3556 903 3632; x_wconf 87' lang='lat' dir='ltr'><strong>illo</strong></span> <span class='ocrx_word' id='word_1_156' title='bbox 929 3557 1096 3633; x_wconf 88' lang='lat' dir='ltr'><strong>damnato</strong></span> <span class='ocrx_word' id='word_1_157' title='bbox 1109 3557 1136 3659; x_wconf 78' lang='lat' dir='ltr'><strong>l,</strong></span> <span class='ocrx_word' id='word_1_158' title='bbox 1154 3561 1323 3661; x_wconf 89' lang='lat' dir='ltr'><strong>cepimus,</strong></span> 
     </span>
     <span class='ocr_line' id='line_1_25' title="bbox 221 3680 1318 3786; baseline 0.006 -36"><span class='ocrx_word' id='word_1_159' title='bbox 221 3689 224 3696; x_wconf 91' lang='lat'>&#39;</span> <span class='ocrx_word' id='word_1_160' title='bbox 307 3703 431 3780; x_wconf 51' lang='lat' dir='ltr'><strong>xquam</strong></span> <span class='ocrx_word' id='word_1_161' title='bbox 455 3680 647 3780; x_wconf 87' lang='lat' dir='ltr'><strong>exipsius,</strong></span> <span class='ocrx_word' id='word_1_162' title='bbox 672 3682 702 3754; x_wconf 90' lang='lat' dir='ltr'><strong>si</strong></span> <span class='ocrx_word' id='word_1_163' title='bbox 727 3681 906 3758; x_wconf 84' lang='lat' dir='ltr'><strong>absolutus</strong></span> <span class='ocrx_word' id='word_1_164' title='bbox 931 3698 1044 3785; x_wconf 90' lang='lat' dir='ltr'><strong>esset,</strong></span> <span class='ocrx_word' id='word_1_165' title='bbox 1073 3685 1184 3784; x_wconf 81' lang='lat' dir='ltr'><strong>gratia</strong></span> <span class='ocrx_word' id='word_1_166' title='bbox 1209 3686 1318 3786; x_wconf 89' lang='lat' dir='ltr'><strong>cepis-</strong></span> 
     </span>
     <span class='ocr_line' id='line_1_26' title="bbox 324 3828 448 3877; baseline -0.017 0"><span class='ocrx_word' id='word_1_167' title='bbox 324 3828 448 3877; x_wconf 88' lang='lat' dir='ltr'><strong>semus</strong></span> 
     </span>
    </p>
   </div>
   <div class='ocr_carea' id='block_1_6' title="bbox 375 3927 1320 4036">
    <p class='ocr_par' dir='ltr' id='par_1_8' title="bbox 375 3927 1320 4036">
     <span class='ocr_line' id='line_1_27' title="bbox 375 3927 1320 4036; baseline 0.002 -30"><span class='ocrx_word' id='word_1_168' title='bbox 375 3927 397 4006; x_wconf 82' lang='grc'>3</span> <span class='ocrx_word' id='word_1_169' title='bbox 423 3927 532 4022; x_wconf 91' lang='lat' dir='ltr'><strong>Quod</strong></span> <span class='ocrx_word' id='word_1_170' title='bbox 567 3929 613 4005; x_wconf 88' lang='lat' dir='ltr'><strong>ad</strong></span> <span class='ocrx_word' id='word_1_171' title='bbox 649 3957 705 4006; x_wconf 89' lang='lat' dir='ltr'><strong>me</strong></span> <span class='ocrx_word' id='word_1_172' title='bbox 738 3933 782 4007; x_wconf 91' lang='lat' dir='ltr'><strong>de</strong></span> <span class='ocrx_word' id='word_1_173' title='bbox 808 3934 1048 4012; x_wconf 89' lang='lat' dir='ltr'><strong>Hermathena</strong></span> <span class='ocrx_word' id='word_1_174' title='bbox 1081 3937 1223 4036; x_wconf 84' lang='lat' dir='ltr'><strong>scribis,</strong></span> <span class='ocrx_word' id='word_1_175' title='bbox 1255 3959 1320 4036; x_wconf 91' lang='lat' dir='ltr'><strong>per</strong></span> 
     </span>
    </p>
   </div>
   <div class='ocr_carea' id='block_1_7' title="bbox 0 0 1422 5012">
    <p class='ocr_par' dir='ltr' id='par_1_9' title="bbox 0 0 1422 5012">
     <span class='ocr_line' id='line_1_28' title="bbox 0 0 1422 5012; baseline 0 1"><span class='ocrx_word' id='word_1_176' title='bbox 0 0 1422 5012; x_wconf 95' lang='lat' dir='ltr'><strong> </strong></span> 
     </span>
    </p>
   </div>
  </div>
 </body>
</html>
