2882 5002
304 358 371 430 136
655 375 825 427 urrsronn
850 380 929 428 xxv.
1074 374 1153 428 nv.
1170 378 1199 426 c.
1216 377 1266 438 ⁶9³

198 467 200 476 '
293 487 295 492 '
335 484 377 542 cir
404 480 443 540 de
467 499 521 541 rua
547 499 614 538 cum
638 478 778 560 Pompeio
807 480 919 540 ratione
944 476 1109 559 sigtrfimuis
1120 521 1131 552 ,
1155 479 1177 554 4
1202 483 1234 538 s'e
1262 482 1295 540 in

335 587 472 670 republ.
494 589 536 646 sic
552 595 699 646 acturum
724 584 903 667 profitetur,
922 595 957 644 ut
983 605 1087 666 quum.
1099 605 1170 645 suae
1196 585 1295 666 digni-

336 695 390 752 tati
411 704 441 753 et
461 693 609 752 securitati
638 691 791 763 consulat,
811 711 978 771 numquam
998 700 1099 750 tamen
1120 701 1238 750 senatus
1263 702 1295 751 et

337 801 516 882 optimatum
537 819 656 858 causam
678 798 848 858 deserturus
876 799 921 858 sit.
943 795 963 856 5
983 797 1065 856 Tum
1091 795 1128 855 de
1146 796 1294 877 Sicyonio

336 906 458 988 negotio
484 907 517 964 in
544 914 649 965 senatu
674 907 737 986 spei
762 903 838 964 nihil
865 923 927 986 esse
954 901 1073 978 scribit;
1094 901 1115 962 6
1141 903 1298 962 consulem

337 1012 465 1072 alterum
479 1011 599 1084 laudat,
619 1011 748 1072 alterum
761 1013 925 1094 vituperat3
947 1031 964 1090 7
986 1010 1137 1070 Graecum
1157 1008 1195 1068 de
1222 1030 1296 1069 con-

338 1093 437 1178 sulani
462 1120 712 1179 commentarium
725 1140 744 1178 a
757 1139 788 1179 se
801 1139 857 1200 per
871 1113 1047 1178 Cominium
1076 1117 1202 1176 missum
1230 1137 1296 1176 esse

338 1223 437 1285 refert.
466 1223 486 1283 8
510 1225 545 1283 L.
573 1225 730 1306 Papirium
754 1223 881 1284 Paetum
907 1223 964 1284 sibi
990 1222 1099 1294 libros,
1127 1243 1203 1302 quos
1231 1221 1297 1282 Ser.

340 1329 483 1389 Claudius
503 1329 679 1410 reliquerat,
700 1329 826 1390 donasse
851 1335 973 1402 narrat,
998 1349 1109 1410 eosque
1128 1329 1219 1390 Attici
1245 1349 1300 1388 cu-

340 1455 392 1496 rae
405 1435 612 1496 ¹commendat.

466 1613 519 1666 ser.
539 1585 632 1666 nemu
649 1615 681 1666 s.
698 1613 732 1668 v.
750 1614 778 1667 c.
796 1613 927 1667 ncxcur
945 1629 1013 1667 men.
1032 1613 1108 1666 nuso.

562 1796 568 1806 '
612 1784 756 1850 CICERO
781 1783 931 1850 ATTICO
956 1785 986 1849 S.

357 2004 370 2049 1
396 1947 520 2068 vQuum
545 1998 564 2046 e
588 1973 805 2074 Pompeiano
818 1998 887 2052 me
911 1963 1057 2047 Romam
1086 1974 1298 2076 recepissem

303 2129 332 2174 a.
358 2101 391 2173 d.
416 2077 488 2174 ΗΠ
512 2100 595 2172 Idus
613 2100 710 2198 Mai,
736 2100 876 2172 Cincius
893 2114 1013 2174 noster
1029 2126 1107 2172 eam
1123 2100 1209 2173 mibi
1236 2101 1300 2175 abs

285 2241 338 2312 ,te
364 2225 548 2326 epistolam
571 2224 744 2323 reddidit,
769 2253 874 2326 pram
900 2239 939 2298 tu
958 2225 1046 2298 Idib.
1072 2225 1173 2300 Febr.
1194 2226 1301 2316 dede-

217 2429 221 2434 ,
301 2367 367 2424 ras.
392 2352 437 2424 Ei
460 2374 554 2423 nunc
579 2349 746 2450 epistolae
771 2349 878 2423 literis
903 2349 957 2422 his
982 2350 1215 2450 respondebo.

353 2505 374 2550 2
401 2477 452 2549 Ac
477 2477 645 2577 primum,
670 2474 735 2547 tibi
766 2489 991 2575 perspectum
1023 2501 1098 2548 esse
1130 2475 1301 2550 iudicium

303 2601 347 2674 de
379 2616 572 2701 temeum,
603 2601 731 2704 laetor,
765 2601 908 2700 deinde,
941 2614 976 2673 te
1001 2603 1047 2690 vin
1079 2603 1120 2676 iis
1153 2601 1258 2674 rebus
1279 2619 1302 2702 ¹,

303 2754 391 2828 quae
416 2725 503 2800 mihi
529 2729 683 2828 asperius
709 2753 729 2798 a
754 2727 874 2826 nobis,
899 2740 1004 2831 atque
1029 2727 1174 2828 nostris,
1198 2743 1235 2800 et
1250 2729 1303 2801 in-

302 2853 486 2926 iucundius
512 2867 609 2926 actae
635 2852 863 2952 videbantur,
887 2853 1204 2926 moderatissimum
1221 2854 1303 2928 fuis-

303 3001 357 3073 se,
382 2975 688 3066 vehementissime
710 2976 862 3078 gaude05
894 2975 1006 3078 idque.
1025 3002 1140 3080 neque
1172 2981 1302 3054 amoris

302 3099 503 3199 mediocris,
534 3114 570 3173 et
605 3101 764 3198 ingenii²
797 3102 924 3176 summi
955 3129 996 3176 ac
1024 3105 1216 3202 sapientiae
1247 3104 1303 3175 in·

200 3287 202 3294 ,
304 3223 393 3297 dico.
420 3225 499 3316 Qua
526 3224 570 3298 de
595 3251 632 3298 re
659 3253 766 3326 quum
792 3227 838 3300 ad
862 3252 921 3314 me
943 3228 992 3314 ita
1026 3230 1195 3326 suaviter,
1228 3213 1304 3318 dili·

304 3363 441 3450 genter,
467 3330 638 3451 officiose,
664 3366 701 3423 et
723 3351 922 3426 humaniter
946 3355 1141 3453 scripseris,
1165 3367 1304 3427 utnon

303 3475 412 3548 modo
445 3491 480 3548 te
510 3476 644 3580 hortari
675 3461 823 3578 amplius
857 3503 930 3576 non
964 3477 1132 3577 debeam,
1164 3477 1228 3551 sed
1259 3503 1303 3550 ne

304 3615 506 3701 exspectare
537 3601 679 3705 quidem
712 3603 774 3677 abs
807 3618 861 3704 te,
886 3583 947 3676 aut
963 3669 966 3678 .
980 3603 1023 3676 ab
1057 3603 1129 3677 ullo
1161 3602 1303 3678 homine

303 3741 443 3800 tantum
467 3728 642 3802 facilitatis
669 3755 710 3802 ac
736 3728 1012 3802 mansuetudinis
1037 3729 1231 3828 potuerim,
1255 3728 1303 3798 ni·

279 3897 280 3900 =
303 3850 361 3923 hil·
379 3853 470 3927 duco
490 3881 564 3928 esse
582 3839 815 3954 commodius,
841 3845 947 3958 quam
965 3854 1008 3929 de
1025 3854 1079 3928 his
1096 3855 1200 3930 rebus
1217 3852 1302 3927 nihil
