2924 5002
501 441 538 487 ru
563 436 769 488 nrrsronss·
1055 416 1126 494 333

125 566 143 624 7
165 541 198 602 C.
209 539 366 623 Aquilium
379 537 510 611 Gallum,
523 541 628 600 lCtum
641 558 804 612 summurn,
819 539 856 600 de
869 559 930 622 quo
940 542 979 602 in.
990 541 1073 604 Brut.
1083 545 1132 628 4²,

123 648 144 710 8
167 647 271 708 Ambr.
297 669 307 708 1
339 658 368 708 et
389 647 435 706 ed.
457 647 586 707 Victorii
608 647 833 708 arbitrabamur.
865 648 946 708 Tum
966 650 1019 731 qui
1041 649 1131 712 dene-

163 755 241 835 gavit
265 765 310 815 est
335 775 351 814 e
376 755 563 814 correctione
592 754 738 825 Ernestii,
758 757 855 836 etque'
870 775 905 814 ex
927 758 1060 837 vestigiis
1082 777 1132 818 eo-

164 861 281 936 dioum3
302 871 370 920 onte
391 857 564 918 Ernestium
586 861 638 941 qui
656 860 787 940 denegat.
876 910 878 916 .

122 991 143 1049 9
166 967 216 1027 sic
243 987 289 1048 ep.
309 965 484 1029 DXXVIH.
510 966 654 1036 Veniam,
682 981 710 1025 rt
737 968 798 1048 ipse
826 968 929 1026 iurabo
955 981 1130 1048 perpetuum

164 1073 311 1148 morbum5
334 1072 364 1132 h.
385 1093 410 1132 e.
424 1075 549 1145 iuravit,
562 1095 593 1134 se
612 1071 722 1132 morbo
743 1071 891 1134 laborare.
912 1074 995 1133 Turn
1010 1095 1129 1154 regnum

163 1179 300 1240 iudiciale
321 1181 473 1260 opposuit,
495 1179 556 1239 scil.
578 1182 808 1262 occupationem
830 1199 915 1240 tuem
940 1182 972 1240 in
998 1181 1064 1240 iure
1084 1183 1128 1240 oi-

163 1285 216 1344 viti
237 1287 411 1366 praetexuit.

125 1413 162 1452 ro
184 1390 311 1452 Meridie
330 1413 387 1474 pro
408 1393 564 1473 nanterus
589 1393 770 1465 criminibus,
791 1413 849 1452 non
870 1393 965 1452 lusere
985 1413 1042 1474 pro
1068 1413 1126 1454 non

162 1511 298 1558 constane
319 1501 434 1580 occipio
455 1519 523 1558 cum
546 1499 722 1582 Malaspine'
735 1498 794 1558 hoc
808 1505 909 1559 sensti:
932 1499 1007 1558 side
1028 1501 1125 1558 mnni-

161 1605 326 1665 festissirno
344 1606 468 1664 crimino
489 1605 600 1666 indices
623 1607 862 1686 pronuntiarint,
883 1603 939 1666 sihi
967 1625 1029 1666 non
1056 1624 1127 1666 con·

162 1722 258 1781 stote,
278 1710 337 1770 hoc
357 1711 417 1783 est,¹
437 1715 461 1770 si
483 1710 616 1772 iudicum
639 1711 967 1772 sententiis'obsolutus
981 1713 1046 1772 erit.
1068 1711 1126 1772 ne-

161 1817 367 1900 potundarum
388 1827 489 1878 autern
516 1839 586 1879 reus
615 1817 763 1898 agebatur
784 1819 929 1892 Catilina3
943 1817 1014 1878 satt.
1037 1817 1123 1878 (latit.

162 1945 186 1983 c.
213 1922 256 1984 18.
278 1924 314 1982 ln
332 1922 413 1984 hano
433 1927 609 1986 sententiam
632 1927 757 1984 veniunt
777 1928 868 1984 etiam
892 1925 998 1984 Rosius
1019 1934 1048 1984 et
1068 1922 1125 1983 Er-

160 2027 283 2090 nestius.
303 2029 370 2090 seb.
393 2030 546 2091 Corradus
566 2043 597 2092 et
611 2033 757 2091 Aemorus
780 2032 973 2092 Ranconetus
988 2029 1125 2110 legebant

160 2157 229 2196 cum
252 2135 355 2197 Lemb.
376 2139 404 2197 si
421 2136 583 2199 iudicatum
603 2143 659 2199 erit
670 2141 732 2199 eius
745 2139 848 2198 baberi
865 2141 1011 2198 rationem
1025 2138 1123 2208 licere,

158 2244 306 2302 nimirum
327 2263 361 2302 ex
382 2245 511 2324 ingenio.
538 2244 615 2305 Edd.
636 2245 716 2306 Vict.
745 2255 774 2304 et
803 2244 894 2304 Herv.
922 2242 1041 2304 meridie
1065 2263 1124 2302 non

162 2347 279 2429 liquere

124 2473 155 2511 ιι
181 2452 289 2513 Lomb.
311 2455 352 2514 Et
372 2457 411 2516 ab
432 2459 654 2519 existirrsatione.

123 2579 159 2618 η
181 2557 217 2619 In
238 2579 350 2622 annum
371 2565 524 2644 petitionis
542 2576 676 2636 nostroe,
697 2564 726 2624 h.
742 2585 783 2634 e.‚
798 2573 979 2644 sequentem.
991 2595 1032 2608 -
1051 2563 1121 2622 Fir-

161 2666 250 2738 mior,
272 2687 310 2727 sc.
333 2668 475 2730 Thermo.

125 2772 159 2830 13
181 2772 252 2832 Mss.
276 2783 305 2832 et
326 2774 391 2836 edd.
413 2785 484 2837 vett.
507 2797 566 2836 una
592 2778 654 2836 fere
682 2779 830 2857 scripture
855 2795 923 2835 curn
946 2772 1029 2834 Vter:
1055 2789 1122 2832 enin

159 2878 282 2939 libenter
300 2901 376 2941 nunc
397 2886 486 2944 ceteri
502 2885 615 2943 consuli
633 2883 796 2944 occiderim.
818 2884 900 2942 l'nter
914 2891 959 2940 tot
973 2883 1120 2961 intorpre-

159 2995 225 3043 tum
240 2991 454 3061 correctiones,
475 2990 585 3072 quibus
605 2989 655 3050 hic
669 2990 752 3050 locus
774 2983 923 3058 abundet}
944 3006 999 3047 nos
1020 2987 1120 3046 conie-

160 3101 280 3152 cturam
307 3096 435 3156 Manutii
464 3099 675 3178 expressimus,
698 3116 776 3177 quoe
796 3107 825 3156 et
844 3095 970 3176 propius
996 3091 1080 3150 abest
1104 3113 1121 3150 a

160 3197 261 3269 libris,
290 3211 319 3259 et
340 3221 459 3260 sensum
480 3201 668 3283 probabilem
691 3203 769 3262 fecit.
790 3201 846 3262 Ed.
869 3200 959 3260 Herv.
980 3217 1050 3257 sane
1065 3196 1120 3277 fa-

158 3303 215 3362 cibe
241 3325 308 3364 eum
333 3325 369 3366 ac
398 3307 521 3366 libenter
544 3329 621 3369 nuno
652 3322 762 3368 certam
793 3308 942 3369 comittem
968 3301 1120 3386 accipient.

159 3407 271 3470 sehon
293 3433 384 3492 quam
399 3415 534 3493 proxime
547 3414 570 3474 1.
586 3415 621 3473 F.
637 3416 793 3475 Gronovio
808 3437 841 3475 eo
857 3415 946 3474 libens
964 3411 1120 3470 Tbcrmum

162 3514 285 3575 Caesari
303 3518 453 3578 consulem
472 3519 610 3580 accedere
632 3520 756 3582 uiderim.
1092 3493 1099 3510 ¹

124 3621 157 3695 14
178 3621 354 3702 Legendum
376 3624 496 3686 videtur
515 3626 672 3707 informata
692 3628 865 3708 cogitatione
892 3625 973 3685 ratio.
1000 3621 1118 3682 Schtttz.

159 3727 341 3807 Infirmata,
362 3731 391 3790 h.
413 3752 437 3792 e.
458 3731 614 3792 delineata.

125 3829 158 3890 15
180 3834 315 3914 Togata,
336 3857 387 3896 seu
402 3837 561 3920 Cisalpina.
583 3840 660 3899 Hirt.
682 3841 713 3900 B.
736 3840 812 3900 Gall.
833 3841 885 3904 52:
906 3838 938 3896 T.
957 3833 1119 3894 Labienum

162 3947 280 4020 togatae
294 3941 409 4002 Galliae
421 3943 576 4028 praeficit,
595 3967 653 4028 quo
666 3948 774 4008 nmiorc
787 3940 1033 4035 commendatione
1046 3957 1117 3998 con·
