2932 5000
317 383 391 476 412
681 402 949 456 auuorlrronns

360 529 430 568 meu
449 505 480 566 id
491 515 561 567 ante
573 503 721 588 afficitur,
735 506 818 588 quod
832 527 935 567 omnes
948 505 1017 566 libri
1031 506 1145 569 habeut
1152 554 1162 582 ,
1185 511 1322 590 (etiamsi

360 614 452 694 aliqui
473 623 614 695 corrupte
633 614 659 672 is
679 611 826 692 scribant)
849 612 993 694 quodque
1014 613 1081 686 ille,
1095 619 1197 676 nescio
1211 639 1322 698 quare,

359 741 429 780 cum
442 720 594 791 victorio,
613 719 721 791 Hosio,
742 720 875 779 Grutero
889 729 919 779 et
932 719 1073 780 Schiitzio
1087 726 1239 803 expunxit.
1259 725 1292 784 V
1289 747 1321 786 a·

358 848 445 887 cuum
464 839 507 885 est
527 826 655 886 refertur
676 825 715 885 ad
735 828 873 908 superius
887 825 934 898 id,
947 826 1029 908 quod
1047 840 1090 886 est
1106 830 1266 903 subinane,
1286 843 1320 893 ut

358 932 435 994 bene
455 931 596 993 viderunt
614 933 724 992 Bosius
744 941 775 991 et
794 931 884 1003 Ern,
903 951 1130 1013 nequenecesse
1144 946 1189 996 est
1202 947 1320 997 mutare

284 1029 288 1042 ’
360 1043 390 1101 in
411 1059 519 1100 vacuus
545 1060 628 1112 suns,
661 1040 776 1099 etiamsi
791 1058 913 1098 ‚vacum
937 1051 980 1100 est
1006 1039 1118 1101 habent
1138 1040 1205 1102 edd.
1233 1043 1322 1104 Rom.

360 1158 389 1208 et
409 1148 481 1207 Min.

318 1255 339 1316 6
359 1256 621 1339 Sampsiceramus.
644 1267 748 1326 Πτῶσις
774 1251 905 1314 Curiana
925 1264 968 1313 est
988 1254 1157 1315 emendatio
1175 1256 1259 1316 Bosii
1287 1278 1321 1320 er

357 1364 501 1434 Dauum,
520 1381 628 1444 nempe
648 1371 736 1422 vocat
763 1361 869 1420 Cicero
897 1363 1050 1420 curianem
1071 1363 1194 1431 πτῶσιν,
1216 1362 1249 1423 h.
1275 1385 1320 1434 e.,

358 1472 509 1529 surianam
529 1469 644 1529 ruinam
664 1467 795 1528 dedecus
818 1478 847 1528 et
867 1469 1064 1548 ignominiam
1085 1470 1122 1546 Q.
1137 1467 1238 1541 Curii,
1252 1473 1319 1551 qui,

357 1586 393 1635 ut
406 1576 495 1636 refert
507 1575 680 1646 Sallustius,
701 1575 765 1634 Cat.
788 1575 841 1644 23,
862 1573 903 1634 ob
915 1574 1031 1656 probra
1044 1585 1143 1635 motus
1156 1575 1259 1636 fuerat
1273 1598 1319 1636 se-

357 1693 440 1742 natu.
460 1680 546 1742 Libri
574 1703 676 1742 omnes
703 1682 813 1763 plocis,
835 1682 956 1762 phocis,
984 1680 1033 1742 vel
1057 1681 1172 1762 piolu3
1194 1703 1230 1741 ex
1256 1683 1320 1742 sola

357 1791 578 1870 permutatione
597 1801 650 1852 τῶν
675 1798 742 1848 cet
763 1799 790 1860 t,
811 1808 889 1868 quae
910 1807 1027 1870 semper
1049 1790 1183 1849 occurrit
1195 1790 1228 1848 in
1249 1809 1319 1849 mss.

360 1903 456 1957 nimis
476 1894 608 1954 defendit
630 1896 748 1967 Iunius,
767 1905 802 1954 ut
816 1897 853 1954 sit
873 1897 891 1954 i.
913 1915 941 1975 q.
960 1895 1149 1956 simulacrum
1159 1894 1321 1976 fheneum,

359 2000 439 2061 Italis
469 2022 554 2060 uomo
584 1999 619 2062 di
643 2001 753 2082 paglm.
785 1999 890 2060 Phocis
919 2003 1106 2062 retinuerunt
1135 2001 1321 2072 Turnebus,

359 2106 485 2178 Graes„
504 2105 579 2166 Em.
599 2105 797 2187 intelligentes
819 2109 919 2188 ipsum
940 2105 1067 2166 Curium
1081 2127 1151 2166 cum
1172 2107 1320 2167 allusione

359 2212 397 2273 ad
416 2213 582 2274 Phocidem
604 2213 748 2273 Graeciae
769 2234 788 2272 a
807 2212 951 2296 Philippo
977 2232 1046 2294 rege
1072 2233 1217 2274 eversam.
1247 2213 1323 2274 Cor-

358 2320 497 2402 rigebant
517 2321 539 2379 1.
554 2320 729 2382 Gronovius
750 2320 877 2392 Praetis,
898 2320 981 2381 velut
1001 2323 1026 2381 si
1047 2321 1152 2381 Cicero
1173 2323 1321 2402 respexis-

359 2437 403 2487 set
422 2427 460 2486 ad
472 2426 608 2487 fabulam
620 2427 798 2486 Proetidum
821 2427 975 2510 (Apollod.
996 2427 1041 2498 II,
1062 2448 1086 2485 c.
1101 2429 1160 2505 2.),
1175 2427 1320 2486 Tunstal-

358 2533 405 2593 lus
420 2543 557 2615 ’ΔφιἊοτης
580 2533 725 2605 Curiana,
747 2555 824 2614 quae
843 2545 910 2594 tum
929 2537 962 2593 in
983 2533 1180 2616 proverbium
1202 2531 1322 2593 abierit.

358 2639 465 2700 Lamb.
479 2641 586 2701 Iacent
599 2642 676 2700 enim
689 2641 758 2700 illa:
780 2643 852 2700 llaec
865 2641 922 2711 sic,
937 2654 969 2700 ut
975 2623 977 2635 .
978 2641 1069 2722 fiscus
1091 2639 1238 2700 Curianus
1257 2661 1281 2699 s.
1297 2662 1320 2697 v.

321 2767 338 2826 7
360 2746 409 2805 Sic
429 2747 542 2828 vulgo,
566 2757 596 2808 et
621 2749 663 2806 sic
689 2769 751 2843 esse
778 2746 1050 2828 legendumlibris
1074 2745 1216 2806 omnibus
1242 2749 1320 2806 invi-

358 2852 526 2947 tis'probat
546 2852 684 2913 Cuiacius
706 2853 757 2913 lib.
783 2854 875 2924 VIII,
905 2853 1034 2913 Observ'.
1063 2853 1109 2933 37.
1140 2853 1198 2912 Est
1218 2863 1320 2912 autem

357 2956 556 3032 Alabarclms,
585 2972 620 3020 ut
648 2960 735 3020 docet
761 2959 833 3035 ille,
864 2961 1002 3039 magister
1024 2961 1200 3040 scripturae:
1222 2970 1319 3043 ἇλαβα
1401 3013 1405 3018 .

305 3105 307 3112 =
359 3065 530 3146 Haesychio
550 3077 594 3126 est
613 3077 822 3139 atramentum,
841 3087 900 3149 quo
920 3067 1087 3138 scribimus,
1108 3064 1189 3124 unde
1211 3077 1243 3127 et
1263 3087 1317 3149 pro

359 3173 507 3252 scriptura
527 3176 591 3254 ipsa
612 3176 766 3254 accipitur.
787 3172 927 3254 Vectigal
946 3170 1134 3232 alabarchiae
1154 3184 1215 3244 est,
1238 3175 1319 3254 quod

357 3276 398 3336 ob
418 3278 636 3339 traductionem
656 3300 801 3363 pecorum
822 3278 1017 3361 impenditur.
1039 3278 1088 3338 Sic
1108 3289 1211 3338 autem
1226 3279 1318 3340 Pom-

356 3383 459 3466 peium
480 3383 629 3466 appellat,
655 3386 739 3468 quod
766 3386 837 3448 talia
857 3379 1014 3467 vectigalia
1034 3387 1066 3444 in
1087 3385 1178 3466 Syria
1199 3387 1316 3469 populo

357 3493 445 3552 Rom.
460 3487 653 3574 ¹quaesieram
674 3493 801 3554 irridens
825 3503 945 3566 tamen,
972 3491 1054 3574 quod
1082 3513 1145 3552 rom
1167 3512 1229 3552 uon
1252 3513 1316 3552 ma-

358 3619 448 3680 gnam
467 3620 565 3680 neque
585 3621 696 3681 magna
715 3599 804 3660 laude
824 3599 946 3680 dignam
968 3600 1099 3682 gesserit.
1123 3599 1229 3659 Lamb.
1251 3601 1316 3659 Hoc

357 3707 448 3766 etiam
468 3706 573 3766 Bosius
593 3728 627 3768 ex
648 3728 702 3767 suo
722 3708 794 3766 Dec.
815 3705 941 3786 aliisque
961 3705 1100 3766 defendit.
1130 3707 1191 3766 Nos
1212 3717 1314 3767 tamen

358 3833 427 3871 cum
449 3813 582 3874 Corrado
604 3835 696 3896 quare
717 3799 920 3886 Arabarches,
933 3821 966 3871 ut
977 3810 1046 3872 libri
1062 3833 1166 3873 omues
1188 3812 1314 3883 babent,

358 3917 416 3979 dici
437 3941 498 3983 non
518 3923 615 4005 possit
633 3921 812 4003 Pompeius,
824 3939 888 3980 nou
900 3918 1051 3992 videmus,
1070 3941 1165 4002 quum
1186 3923 1313 3983 sciamus
