2834 5012
312 543 931 650 INTRODVCTIO

557 827 689 846 *υ

173 1379 394 1549 Epistolas
434 1457 596 1530 omnes,
637 1457 739 1541 quae
783 1445 940 1514 exstant
980 1433 1040 1516 M.
1070 1434 1120 1517 T.

119 1577 348 1698 Ciceronis,
387 1583 561 1662 sistimus
598 1579 693 1680 tibi,
724 1577 1011 1664 humanissime
1040 1583 1122 1663 Lo·-

119 1749 226 1818 otor:
255 1759 360 1846 opus
389 1732 616 1844 egregium,
638 1744 677 1810 et
699 1728 800 1812 nulli
829 1757 990 1830 eorum,
1019 1757 1122 1841 quae

120 1880 316 1964 haetenus
354 1892 654 1992 apparuerunt,
696 1905 748 1958 ne
789 1879 929 1960 ceteris
942 1943 943 1948 ,
957 1877 1122 1991 quidem

118 2034 243 2145 ipsius
260 2019 397 2112 Tollii
425 2027 636 2141 operibus,
676 2026 900 2109 secundum
930 2027 1017 2140 (r).·
1032 2029 1122 2110 Ha-

119 2181 188 2262 bes
211 2181 319 2261 enim
347 2179 389 2258 in
419 2175 482 2258 his
509 2191 549 2258 et
574 2172 799 2288 perleotmn
821 2173 1124 2258 scribendarum

48 2419 50 2426 ,
117 2328 375 2440 epistolarum
405 2326 662 2438 exemplum,
699 2339 738 2406 et
772 2325 1124 2438 praeclarissimam

122 2477 329 2558 Tullianae
367 2475 502 2556 aeratis
539 2503 781 2588 morumque
799 2478 1056 2588 imaginem,
1085 2490 1125 2556 et

125 2641 274 2736 partem
295 2624 483 2707 historiae
504 2627 547 2706 in
560 2628 709 2737 primis
729 2603 1027 2746 memorabilem
1044 2651 1125 2705 ma·

124 2774 331 2886 gniludine
372 2801 530 2874 rerum,
573 2785 612 2854 et
640 2740 904 2858 conversione·
928 2774 985 2852 rei
1012 2769 1123 2884 publ.

125 2923 165 3001 in
193 2922 290 3004 orbe
305 2890 518 3004 terrarum
547 2924 772 3044 maximae·
796 2983 849 3036 .···

174 3069 348 3153 Nullum
378 3085 437 3150 est
464 3071 592 3182 genus
621 3049 900 3184 epistola'riim,¹
927 3097 1010 3184 quo
1039 3099 1124 3153 non

122 3231 260 3300 utatur
288 3220 457 3318 Cicero,
487 3248 617 3329 neque
647 3220 776 3302 ullum
804 3217 885 3302 fere
915 3249 1124 3332 argaman·

158 3562 200 3642 (r)
216 3560 334 3638 Fronto
348 3559 388 3623 ad
403 3562 592 3624 Antoninum
612 3561 721 3647 imper.
741 3557 792 3626 lib.
809 3561 853 3639 ll,
867 3581 914 3650 ep.
928 3560 948 3626 5
956 3587 961 3624 :
978 3592 995 3620 ιι
1010 3559 1125 3624 Omnes

117 3685 136 3715 ιι
158 3659 311 3722 Ciceronis
333 3663 475 3744 epistolas
496 3661 637 3744 legendas
658 3683 783 3738 censeo,
804 3687 872 3726 mea
892 3664 1057 3735 sententia,
1077 3660 1125 3722 vel

117 3781 136 3811 ιι
158 3760 271 3838 magis,
293 3780 387 3842 quam
406 3779 512 3821 omnes
532 3763 596 3821 eius
617 3765 775 3823 orationes.
805 3763 950 3846 Epistulis
972 3760 1124 3822 Ciceronis

118 3877 138 3906 a
159 3851 238 3916 nihil
258 3868 303 3916 est
323 3857 502 3940 perfectius,
515 3883 532 3914 n
556 3852 737 3924 Cleretlanr
759 3861 886 3942 Quintil.
907 3863 951 3931 X,
978 3881 1000 3918 r.
