2882 5002
336 384 404 458 106
686 403 859 453 sorssors
882 407 968 455 xxrr.
1104 409 1135 458 Α.
1154 411 1187 461 v.
1205 416 1233 462 c.
1251 415 1301 474 σῳ

330 509 448 584 omnia
472 506 695 608 placarentur
718 507 811 580 inter
835 532 899 581 vos
924 533 998 581 non
1029 509 1138 586 modo
1166 537 1327 590 sermone

328 665 370 710 ac
396 617 648 736 disputatione,
672 631 736 704 sed
761 648 953 740 conspectu
969 635 1048 734 ipso
1070 663 1326 744 congressuque

327 777 454 838 vestro.
480 761 587 858 Nam,
613 773 744 861 quanta
768 751 875 833 sitin
901 760 1035 851 Quinto
1052 763 1156 837 fratre
1173 791 1252 840 meo
1270 793 1329 841 co-

325 890 446 987 mitas,
471 899 602 988 quanta
628 884 844 983 iucunditas,
870 909 974 986 quam
999 886 1113 962 mollis
1138 891 1274 964 animus
1291 906 1329 966 et

325 1015 372 1089 ad
397 1011 638 1112 accipiendam
664 1024 700 1082 et
726 1009 773 1083 ad
798 1009 1046 1110 deponendam
1073 1013 1325 1114 offensionem,

322 1138 410 1214 nihil
436 1117 642 1210 attinetme
660 1134 706 1207 ad
731 1148 783 1234 te,
809 1136 869 1236 qui
885 1162 927 1208 ea
942 1138 1051 1237 nosti,
1076 1139 1236 1212 scribere.
1255 1141 1327 1214 Sed

323 1265 452 1340 accidit
475 1259 782 1365 perincommode,
806 1262 904 1362 quod
929 1288 1010 1336 eum
1034 1287 1208 1366 nusquam
1232 1267 1327 1341 vidi·

322 1393 375 1466 sti.
400 1390 522 1465 Valuit
547 1389 642 1462 enim
666 1386 747 1488 plus
773 1387 870 1488 <prod
894 1403 968 1462 erat
992 1389 1039 1462 illi
1073 1391 1327 1467 nonnullorum
1419 1453 1422 1466 ,

268 1513 269 1522 '
322 1517 475 1591 artificiis
499 1513 732 1612 inculcatum,
757 1539 863 1614 quam
888 1510 950 1586 aut
974 1514 1145 1616 officium,
1171 1531 1233 1589 aut
1264 1543 1325 1590 ne·

208 1651 211 1664 '
321 1641 515 1741 cessitudo,
543 1653 604 1713 aut
629 1665 728 1744 amor
752 1651 868 1714 vester
891 1637 949 1711 ille
966 1640 1149 1740 pristinus,
1168 1642 1228 1743 qui
1244 1642 1326 1744 plu-

321 1772 449 1844 rimum
461 1767 576 1844 valere
591 1747 722 1839 debuit
739 1765 855 1868 Atque
871 1764 974 1838 huius
987 1745 1203 1840 incommodi
1216 1768 1324 1870 culpa

319 1894 381 1967 ubi
413 1894 584 1991 resideat,
618 1890 751 1966 facilius
784 1913 929 1991 possum
961 1893 1182 1980 existimare,
1214 1921 1325 1996 quam

319 2016 481 2094 scribere.
507 2018 644 2092 Vereor
662 2018 772 2118 enim,
796 2043 859 2117 ne,
885 2016 970 2090 dum
996 2017 1181 2092 defendam
1205 2045 1325 2121 meos,

194 2218 196 2224 ,
276 2233 279 2240 Ι
318 2168 394 2218 non
418 2169 563 2246 parcam
589 2144 667 2215 tuis.
693 2142 785 2215 Nam
802 2135 852 2216 sic
868 2143 1041 2245 intelligo,
1058 2158 1098 2218 ut
1114 2145 1202 2218 nihil
1218 2173 1239 2219 a
1257 2146 1325 2220 do-

317 2261 469 2344 mesticis
487 2271 503 2320 ⁵
529 2269 681 2343 vulneris
707 2271 839 2342 factum
856 2269 919 2370 sit,
943 2269 1031 2345 illud
1048 2271 1206 2374 quidem,
1224 2271 1324 2374 (prod

317 2410 407 2498 erat,
432 2422 492 2472 eos
518 2410 612 2470 certe
642 2422 764 2470 sanare
789 2397 955 2497 potuisse.
989 2397 1060 2470 Sed
1088 2397 1233 2471 huiusce
1266 2399 1321 2472 rei

315 2523 423 2598 totius
448 2524 590 2623 vitium,
615 2521 713 2625 quod
739 2522 920 2624 aliquanto
946 2524 1051 2596 etiam
1075 2523 1178 2598 latius
1202 2539 1306 2624 patet
1314 2583 1331 2627 „

314 2677 422 2750 quam
438 2651 593 2751 videtur,
620 2651 797 2750 praesenti
816 2649 880 2722 ubi
897 2649 1116 2724 commodius
1132 2675 1327 2750 exponam,

191 2789 194 2806 '
313 2776 367 2848 De
390 2777 433 2849 iis
457 2775 579 2876 literis,
605 2803 690 2878 quas
716 2776 763 2850 ad
788 2789 823 2848 te
839 2774 1126 2850 Thessalonica6
1150 2777 1263 2876 misit,
1281 2792 1319 2851 et

315 2899 359 2972 de
384 2902 621 3001 sermonibus,
646 2925 734 3005 quos
761 2901 805 2974 ab
830 2900 891 2974 illo
918 2915 955 2974 et
970 2903 1103 2974 Romae
1121 2901 1217 3002 apud
1233 2905 1321 2976 ami-

314 3049 374 3097 cos
399 3038 495 3125 tuos,
519 3027 617 3099 etin
641 3027 764 3100 itinere
789 3025 930 3099 habitos
945 3039 1075 3126 putas,
1097 3027 1224 3130 ecquid
1242 3043 1321 3104 tan·

312 3162 420 3222 tuma
448 3176 571 3224 causae
597 3152 660 3252 sit,
685 3153 826 3251 ignoro:
852 3149 915 3225 sed
936 3153 1050 3227 omnis
1066 3151 1105 3226 in
1120 3167 1182 3226 tua
1197 3155 1319 3256 posita

311 3289 365 3351 est
388 3265 606 3351 humanitate
639 3278 726 3352 mihi
757 3304 837 3378 spes
869 3277 972 3351 huius
1003 3278 1175 3354 levandae
1206 3282 1320 3354 mole-

308 3402 405 3476 stiae.
430 3403 541 3505 Nam,
566 3405 595 3479 si
620 3406 668 3478 ita
695 3405 874 3504 statueris,
899 3419 937 3478 et
960 3406 1146 3480 irritabiles
1176 3408 1317 3482 animos

314 3552 388 3599 esse
407 3531 620 3630 optimorum
638 3558 743 3632 saepe
760 3530 960 3630 hominum,
985 3546 1021 3604 et
1038 3532 1180 3606 eosdem
1195 3533 1319 3633 placa-

306 3649 412 3754 biles,
438 3669 473 3728 et
498 3683 573 3732 esse
598 3657 690 3731 hauc
716 3657 922 3758 agilitatem,
947 3672 987 3731 ut
1004 3659 1053 3732 ita
1071 3658 1202 3759 dicam,
1221 3657 1320 3734 mol-

306 3775 518 3883 litiamque⁸
543 3797 689 3858 naturae
721 3782 926 3885 plemmque
957 3784 1149 3886 honitatis,
1182 3799 1241 3884 et,
1272 3785 1320 3860 id

307 3905 403 4002 quod
429 3924 536 4009 caput
560 3925 629 4011 est,
655 3909 758 3984 nohis
783 3911 876 3984 inter
908 3937 972 3986 nos
1005 3923 1125 3987 nostra
1159 3913 1232 3988 sive
1257 3913 1319 3984 in-
