<?xml version="1.0" encoding="UTF-8"?>
<!DOCTYPE html PUBLIC "-//W3C//DTD XHTML 1.0 Transitional//EN"
    "http://www.w3.org/TR/xhtml1/DTD/xhtml1-transitional.dtd">
<html xmlns="http://www.w3.org/1999/xhtml" xml:lang="en" lang="en">
 <head>
  <title>
</title>
<meta http-equiv="Content-Type" content="text/html;charset=utf-8" />
  <meta name='ocr-system' content='tesseract 3.04.00' />
  <meta name='ocr-capabilities' content='ocr_page ocr_carea ocr_par ocr_line ocrx_word'/>
</head>
<body>
  <div class='ocr_page' id='page_1' title='image "./mtulliiciceroni76cicegoog_0135.png"; bbox 0 0 2882 5002; ppageno 0'>
   <div class='ocr_carea' id='block_1_1' title="bbox 291 249 1427 4012">
    <p class='ocr_par' dir='ltr' id='par_1_1' title="bbox 291 249 1331 745">
     <span class='ocr_line' id='line_1_1' title="bbox 885 249 893 282; baseline 0 0"><span class='ocrx_word' id='word_1_1' title='bbox 885 249 893 282; x_wconf 85' lang='lat' dir='ltr'><strong>l</strong></span> 
     </span>
     <span class='ocr_line' id='line_1_2' title="bbox 331 397 1302 496; baseline 0.001 -31"><span class='ocrx_word' id='word_1_2' title='bbox 331 397 380 496; x_wconf 82' lang='lat'><strong>98</strong></span> <span class='ocrx_word' id='word_1_3' title='bbox 692 417 860 468; x_wconf 77' lang='lat' dir='ltr'><strong>rrrsrom</strong></span> <span class='ocrx_word' id='word_1_4' title='bbox 887 420 958 470; x_wconf 79' lang='lat' dir='ltr'><strong>xxi.</strong></span> <span class='ocrx_word' id='word_1_5' title='bbox 1108 416 1139 465; x_wconf 78' lang='grc' dir='ltr'><strong>Δ.</strong></span> <span class='ocrx_word' id='word_1_6' title='bbox 1156 419 1190 467; x_wconf 90' lang='lat' dir='ltr'><strong>v.</strong></span> <span class='ocrx_word' id='word_1_7' title='bbox 1208 419 1302 480; x_wconf 56' lang='lat' dir='ltr'><strong>com</strong></span> 
     </span>
     <span class='ocr_line' id='line_1_3' title="bbox 338 517 1331 620; baseline 0.007 -33"><span class='ocrx_word' id='word_1_8' title='bbox 338 555 357 587; x_wconf 70' lang='lat' dir='ltr'><strong>a</strong></span> <span class='ocrx_word' id='word_1_9' title='bbox 382 530 564 620; x_wconf 79' lang='lat' dir='ltr'><strong>ceperunt,</strong></span> <span class='ocrx_word' id='word_1_10' title='bbox 589 517 653 590; x_wconf 87' lang='lat' dir='ltr'><strong>tibi</strong></span> <span class='ocrx_word' id='word_1_11' title='bbox 676 519 763 592; x_wconf 91' lang='lat' dir='ltr'><strong>nihil</strong></span> <span class='ocrx_word' id='word_1_12' title='bbox 789 519 1020 594; x_wconf 84' lang='lat' dir='ltr'><strong>crediderunt</strong></span> <span class='ocrx_word' id='word_1_13' title='bbox 1046 549 1064 586; x_wconf 75' lang='lat' dir='ltr'><em>n</em></span> <span class='ocrx_word' id='word_1_14' title='bbox 1097 521 1234 620; x_wconf 78' lang='lat' dir='ltr'><strong>Magnis</strong></span> <span class='ocrx_word' id='word_1_15' title='bbox 1260 519 1331 594; x_wconf 90' lang='lat' dir='ltr'><strong>cla·</strong></span> 
     </span>
     <span class='ocr_line' id='line_1_4' title="bbox 291 643 1122 745; baseline 0 -27"><span class='ocrx_word' id='word_1_16' title='bbox 291 735 294 742; x_wconf 23' lang='lat'><strong>¹</strong></span> <span class='ocrx_word' id='word_1_17' title='bbox 330 646 485 720; x_wconf 84' lang='lat' dir='ltr'><strong>moribus</strong></span> <span class='ocrx_word' id='word_1_18' title='bbox 511 643 658 718; x_wconf 87' lang='lat' dir='ltr'><strong>afflictus</strong></span> <span class='ocrx_word' id='word_1_19' title='bbox 685 647 872 745; x_wconf 83' lang='lat' dir='ltr'><strong>conticuit,</strong></span> <span class='ocrx_word' id='word_1_20' title='bbox 896 659 933 720; x_wconf 91' lang='lat' dir='ltr'><strong>et</strong></span> <span class='ocrx_word' id='word_1_21' title='bbox 957 645 1122 719; x_wconf 86' lang='lat' dir='ltr'>concidit.</span> 
     </span>
    </p>

    <p class='ocr_par' dir='ltr' id='par_1_2' title="bbox 321 751 1383 2880">
     <span class='ocr_line' id='line_1_5' title="bbox 379 751 1362 872; baseline -0.002 -25"><span class='ocrx_word' id='word_1_22' title='bbox 379 771 405 847; x_wconf 82' lang='lat'>6</span> <span class='ocrx_word' id='word_1_23' title='bbox 436 771 562 844; x_wconf 82' lang='lat' dir='ltr'>Noster</span> <span class='ocrx_word' id='word_1_24' title='bbox 598 784 715 844; x_wconf 89' lang='lat' dir='ltr'><strong>autem</strong></span> <span class='ocrx_word' id='word_1_25' title='bbox 751 785 862 846; x_wconf 87' lang='lat' dir='ltr'><strong>status</strong></span> <span class='ocrx_word' id='word_1_26' title='bbox 895 785 948 844; x_wconf 91' lang='lat' dir='ltr'><strong>est</strong></span> <span class='ocrx_word' id='word_1_27' title='bbox 979 771 1047 844; x_wconf 89' lang='lat' dir='ltr'><strong>hic.</strong></span> <span class='ocrx_word' id='word_1_28' title='bbox 1082 751 1190 872; x_wconf 83' lang='lat' dir='ltr'><strong>Apud</strong></span> <span class='ocrx_word' id='word_1_29' title='bbox 1214 769 1362 845; x_wconf 77' lang='lat' dir='ltr'><strong>bonos-</strong></span> 
     </span>
     <span class='ocr_line' id='line_1_6' title="bbox 329 895 1334 1000; baseline 0.003 -32"><span class='ocrx_word' id='word_1_30' title='bbox 329 895 437 968; x_wconf 89' lang='lat' dir='ltr'><strong>iidem</strong></span> <span class='ocrx_word' id='word_1_31' title='bbox 460 924 580 971; x_wconf 88' lang='lat' dir='ltr'><strong>sumus</strong></span> <span class='ocrx_word' id='word_1_32' title='bbox 592 953 604 997; x_wconf 87' lang='grc'>,</span> <span class='ocrx_word' id='word_1_33' title='bbox 630 923 718 1000; x_wconf 93' lang='lat' dir='ltr'><strong>quos</strong></span> <span class='ocrx_word' id='word_1_34' title='bbox 742 897 911 1000; x_wconf 87' lang='lat' dir='ltr'><strong>reliquisti</strong></span> <span class='ocrx_word' id='word_1_35' title='bbox 917 925 929 996; x_wconf 76' lang='lat'>3</span> <span class='ocrx_word' id='word_1_36' title='bbox 950 895 1046 998; x_wconf 89' lang='lat' dir='ltr'><strong>apud</strong></span> <span class='ocrx_word' id='word_1_37' title='bbox 1069 896 1208 970; x_wconf 87' lang='lat' dir='ltr'><strong>sordem</strong></span> <span class='ocrx_word' id='word_1_38' title='bbox 1228 895 1334 971; x_wconf 89' lang='lat' dir='ltr'><strong>&#39;urbis</strong></span> 
     </span>
     <span class='ocr_line' id='line_1_7' title="bbox 329 1020 1332 1126; baseline 0.001 -32"><span class='ocrx_word' id='word_1_39' title='bbox 329 1036 365 1096; x_wconf 92' lang='lat' dir='ltr'><strong>et</strong></span> <span class='ocrx_word' id='word_1_40' title='bbox 389 1021 521 1096; x_wconf 82' lang='lat' dir='ltr'><strong>faecem</strong></span> <span class='ocrx_word' id='word_1_41' title='bbox 546 1023 658 1099; x_wconf 87' lang='lat' dir='ltr'><strong>multo</strong></span> <span class='ocrx_word' id='word_1_42' title='bbox 683 1021 806 1098; x_wconf 91' lang='lat' dir='ltr'><strong>melius</strong></span> <span class='ocrx_word' id='word_1_43' title='bbox 832 1050 943 1124; x_wconf 68' lang='lat' dir='ltr'><strong>nemo,</strong></span> <span class='ocrx_word' id='word_1_44' title='bbox 969 1050 1075 1126; x_wconf 89' lang='lat' dir='ltr'><strong>quam</strong></span> <span class='ocrx_word' id='word_1_45' title='bbox 1099 1022 1272 1124; x_wconf 84' lang='lat' dir='ltr'><strong>reliquisti</strong></span> <span class='ocrx_word' id='word_1_46' title='bbox 1286 1020 1332 1095; x_wconf 73' lang='lat'><strong>4¹.</strong></span> 
     </span>
     <span class='ocr_line' id='line_1_8' title="bbox 328 1147 1333 1249; baseline 0.002 -29"><span class='ocrx_word' id='word_1_47' title='bbox 328 1147 419 1220; x_wconf 92' lang='lat' dir='ltr'><strong>Nam</strong></span> <span class='ocrx_word' id='word_1_48' title='bbox 445 1163 481 1225; x_wconf 92' lang='lat' dir='ltr'><strong>et</strong></span> <span class='ocrx_word' id='word_1_49' title='bbox 504 1148 593 1222; x_wconf 93' lang='lat' dir='ltr'><strong>illud</strong></span> <span class='ocrx_word' id='word_1_50' title='bbox 609 1148 643 1217; x_wconf 73' lang='lat'><strong>4²</strong></span> <span class='ocrx_word' id='word_1_51' title='bbox 667 1149 770 1226; x_wconf 89' lang='lat' dir='ltr'><strong>nobis</strong></span> <span class='ocrx_word' id='word_1_52' title='bbox 795 1173 869 1222; x_wconf 89' lang='lat' dir='ltr'><strong>uon</strong></span> <span class='ocrx_word' id='word_1_53' title='bbox 893 1148 1013 1249; x_wconf 84' lang='lat' dir='ltr'><strong>obest,</strong></span> <span class='ocrx_word' id='word_1_54' title='bbox 1033 1148 1144 1224; x_wconf 83' lang='lat' dir='ltr'><strong>videri</strong></span> <span class='ocrx_word' id='word_1_55' title='bbox 1168 1162 1333 1222; x_wconf 89' lang='lat' dir='ltr'><strong>nostrum</strong></span> 
     </span>
     <span class='ocr_line' id='line_1_9' title="bbox 327 1271 1331 1372; baseline 0.003 -27"><span class='ocrx_word' id='word_1_56' title='bbox 327 1274 565 1348; x_wconf 85' lang='lat' dir='ltr'><strong>testimonium</strong></span> <span class='ocrx_word' id='word_1_57' title='bbox 589 1285 663 1349; x_wconf 90' lang='lat' dir='ltr'><strong>uo&#39;n</strong></span> <span class='ocrx_word' id='word_1_58' title='bbox 687 1271 844 1354; x_wconf 85' lang='lat' dir='ltr'><strong>valuisse.</strong></span> <span class='ocrx_word' id='word_1_59' title='bbox 876 1275 1003 1349; x_wconf 88' lang='lat' dir='ltr'><strong>Missus</strong></span> <span class='ocrx_word' id='word_1_60' title='bbox 1030 1287 1086 1348; x_wconf 90' lang='lat' dir='ltr'><strong>est</strong></span> <span class='ocrx_word' id='word_1_61' title='bbox 1109 1274 1249 1372; x_wconf 84' lang='lat' dir='ltr'><strong>sanguis</strong></span> <span class='ocrx_word' id='word_1_62' title='bbox 1274 1275 1331 1348; x_wconf 91' lang='lat' dir='ltr'><strong>in·</strong></span> 
     </span>
     <span class='ocr_line' id='line_1_10' title="bbox 326 1398 1330 1502; baseline -0.001 -29"><span class='ocrx_word' id='word_1_63' title='bbox 326 1398 441 1474; x_wconf 87' lang='lat' dir='ltr'><strong>vidiae</strong></span> <span class='ocrx_word' id='word_1_64' title='bbox 465 1401 540 1474; x_wconf 85' lang='lat' dir='ltr'><strong>sine</strong></span> <span class='ocrx_word' id='word_1_65' title='bbox 565 1400 702 1501; x_wconf 80' lang='lat' dir='ltr'><strong>dolore3</strong></span> <span class='ocrx_word' id='word_1_66' title='bbox 728 1414 832 1502; x_wconf 86' lang='lat' dir='ltr'><strong>atque</strong></span> <span class='ocrx_word' id='word_1_67' title='bbox 856 1405 971 1474; x_wconf 87' lang='lat' dir='ltr'><strong>etiam</strong></span> <span class='ocrx_word' id='word_1_68' title='bbox 987 1398 1058 1472; x_wconf 92' lang='lat' dir='ltr'><strong>boo</strong></span> <span class='ocrx_word' id='word_1_69' title='bbox 1083 1399 1209 1498; x_wconf 70' lang='lat' dir='ltr'><strong>magis⁷</strong></span> <span class='ocrx_word' id='word_1_70' title='bbox 1227 1400 1330 1501; x_wconf 88' lang='lat' dir='ltr'><strong>quod</strong></span> 
     </span>
     <span class='ocr_line' id='line_1_11' title="bbox 327 1524 1330 1624; baseline 0 -26"><span class='ocrx_word' id='word_1_71' title='bbox 327 1549 449 1599; x_wconf 91' lang='lat' dir='ltr'><strong>omnes</strong></span> <span class='ocrx_word' id='word_1_72' title='bbox 473 1525 523 1598; x_wconf 94' lang='lat' dir='ltr'><strong>illi</strong></span> <span class='ocrx_word' id='word_1_73' title='bbox 546 1526 699 1602; x_wconf 82' lang='lat' dir='ltr'><strong>fautores</strong></span> <span class='ocrx_word' id='word_1_74' title='bbox 723 1526 814 1600; x_wconf 86' lang='lat' dir='ltr'><strong>illius</strong></span> <span class='ocrx_word' id='word_1_75' title='bbox 840 1524 964 1624; x_wconf 86' lang='lat' dir='ltr'><strong>flagitii</strong></span> <span class='ocrx_word' id='word_1_76' title='bbox 997 1551 1072 1600; x_wconf 90' lang='lat' dir='ltr'><strong>rem</strong></span> <span class='ocrx_word' id='word_1_77' title='bbox 1104 1524 1330 1599; x_wconf 81' lang='lat' dir='ltr'><strong>manifestam</strong></span> 
     </span>
     <span class='ocr_line' id='line_1_12' title="bbox 327 1644 1329 1754; baseline 0.003 -33"><span class='ocrx_word' id='word_1_78' title='bbox 327 1649 441 1736; x_wconf 91' lang='lat' dir='ltr'><strong>[illam</strong></span> <span class='ocrx_word' id='word_1_79' title='bbox 458 1649 509 1739; x_wconf 79' lang='grc'><strong>43]</strong></span> <span class='ocrx_word' id='word_1_80' title='bbox 526 1652 745 1754; x_wconf 83' lang='lat' dir='ltr'><strong>redemptam</strong></span> <span class='ocrx_word' id='word_1_81' title='bbox 770 1678 844 1726; x_wconf 88' lang='lat' dir='ltr'><strong>esse</strong></span> <span class='ocrx_word' id='word_1_82' title='bbox 870 1677 890 1725; x_wconf 89' lang='lat' dir='ltr'><strong>a</strong></span> <span class='ocrx_word' id='word_1_83' title='bbox 914 1644 1086 1724; x_wconf 90' lang='lat' dir='ltr'><strong>iudicibus</strong></span> <span class='ocrx_word' id='word_1_84' title='bbox 1105 1653 1329 1724; x_wconf 90' lang='lat' dir='ltr'><strong>confitentur.</strong></span> 
     </span>
     <span class='ocr_line' id='line_1_13' title="bbox 325 1775 1383 1879; baseline 0 -28"><span class='ocrx_word' id='word_1_85' title='bbox 325 1775 473 1851; x_wconf 85' lang='lat' dir='ltr'><strong>Accedit</strong></span> <span class='ocrx_word' id='word_1_86' title='bbox 496 1777 620 1879; x_wconf 74' lang='lat' dir='ltr'><strong>hucil7</strong></span> <span class='ocrx_word' id='word_1_87' title='bbox 637 1777 733 1879; x_wconf 90' lang='lat' dir='ltr'><strong>quod</strong></span> <span class='ocrx_word' id='word_1_88' title='bbox 755 1776 815 1850; x_wconf 90' lang='lat' dir='ltr'><strong>illa</strong></span> <span class='ocrx_word' id='word_1_89' title='bbox 841 1775 1055 1850; x_wconf 82' lang='lat' dir='ltr'><strong>concionalis</strong></span> <span class='ocrx_word' id='word_1_90' title='bbox 1080 1775 1208 1850; x_wconf 87' lang='lat' dir='ltr'><strong>hirudo</strong></span> <span class='ocrx_word' id='word_1_91' title='bbox 1233 1803 1331 1852; x_wconf 89' lang='lat' dir='ltr'><strong>aera·</strong></span> <span class='ocrx_word' id='word_1_92' title='bbox 1371 1787 1383 1816; x_wconf 89' lang='lat'><strong>·&#39;</strong></span> 
     </span>
     <span class='ocr_line' id='line_1_14' title="bbox 325 1899 1330 2004; baseline 0.003 -29"><span class='ocrx_word' id='word_1_93' title='bbox 325 1901 385 2000; x_wconf 77' lang='lat' dir='ltr'><strong>rii,</strong></span> <span class='ocrx_word' id='word_1_94' title='bbox 410 1903 533 1976; x_wconf 87' lang='lat' dir='ltr'><strong>misera</strong></span> <span class='ocrx_word' id='word_1_95' title='bbox 559 1929 601 1978; x_wconf 90' lang='lat' dir='ltr'><strong>ac</strong></span> <span class='ocrx_word' id='word_1_96' title='bbox 625 1904 741 1976; x_wconf 89' lang='lat' dir='ltr'><strong>ieiuna</strong></span> <span class='ocrx_word' id='word_1_97' title='bbox 765 1899 970 2004; x_wconf 81' lang='lat' dir='ltr'><strong>plebecula,</strong></span> <span class='ocrx_word' id='word_1_98' title='bbox 1001 1927 1058 1975; x_wconf 86' lang='lat' dir='ltr'><strong>me</strong></span> <span class='ocrx_word' id='word_1_99' title='bbox 1084 1901 1128 1975; x_wconf 90' lang='lat' dir='ltr'><strong>ab</strong></span> <span class='ocrx_word' id='word_1_100' title='bbox 1153 1901 1225 1976; x_wconf 92' lang='lat' dir='ltr'><strong>hoc</strong></span> <span class='ocrx_word' id='word_1_101' title='bbox 1250 1904 1330 1978; x_wconf 94' lang='lat' dir='ltr'><strong>Ma-</strong></span> 
     </span>
     <span class='ocr_line' id='line_1_15' title="bbox 326 2025 1330 2129; baseline 0.002 -29"><span class='ocrx_word' id='word_1_102' title='bbox 326 2053 396 2126; x_wconf 85' lang='lat' dir='ltr'><strong>gno</strong></span> <span class='ocrx_word' id='word_1_103' title='bbox 413 2029 515 2100; x_wconf 91' lang='lat' dir='ltr'><strong>unice</strong></span> <span class='ocrx_word' id='word_1_104' title='bbox 532 2027 629 2128; x_wconf 87' lang='lat' dir='ltr'><strong>diligi</strong></span> <span class='ocrx_word' id='word_1_105' title='bbox 646 2041 766 2129; x_wconf 84' lang='lat' dir='ltr'><strong>putat3</strong></span> <span class='ocrx_word' id='word_1_106' title='bbox 783 2042 819 2102; x_wconf 90' lang='lat' dir='ltr'><strong>et</strong></span> <span class='ocrx_word' id='word_1_107' title='bbox 835 2025 976 2102; x_wconf 88' lang='lat' dir='ltr'><strong>hercule</strong></span> <span class='ocrx_word' id='word_1_108' title='bbox 992 2027 1101 2102; x_wconf 89' lang='lat' dir='ltr'><strong>multa</strong></span> <span class='ocrx_word' id='word_1_109' title='bbox 1119 2039 1156 2100; x_wconf 89' lang='lat' dir='ltr'><strong>et</strong></span> <span class='ocrx_word' id='word_1_110' title='bbox 1171 2027 1330 2102; x_wconf 89' lang='lat' dir='ltr'><strong>iucunda</strong></span> 
     </span>
     <span class='ocr_line' id='line_1_16' title="bbox 326 2152 1329 2256; baseline 0.004 -32"><span class='ocrx_word' id='word_1_111' title='bbox 326 2152 578 2226; x_wconf 89' lang='lat' dir='ltr'><strong>consuetudine</strong></span> <span class='ocrx_word' id='word_1_112' title='bbox 617 2156 795 2227; x_wconf 92' lang='lat' dir='ltr'><strong>coniuncti</strong></span> <span class='ocrx_word' id='word_1_113' title='bbox 830 2154 1013 2228; x_wconf 90' lang='lat' dir='ltr'><strong>internos</strong></span> <span class='ocrx_word' id='word_1_114' title='bbox 1040 2179 1181 2253; x_wconf 82' lang='lat' dir='ltr'><strong>sumus,</strong></span> <span class='ocrx_word' id='word_1_115' title='bbox 1214 2180 1329 2256; x_wconf 89' lang='lat' dir='ltr'><strong>usque</strong></span> 
     </span>
     <span class='ocr_line' id='line_1_17' title="bbox 326 2279 1331 2377; baseline 0.006 -29"><span class='ocrx_word' id='word_1_116' title='bbox 326 2302 387 2376; x_wconf 81' lang='lat' dir='ltr'><strong>eo,</strong></span> <span class='ocrx_word' id='word_1_117' title='bbox 412 2291 452 2350; x_wconf 88' lang='lat' dir='ltr'><strong>ut</strong></span> <span class='ocrx_word' id='word_1_118' title='bbox 476 2281 586 2352; x_wconf 91' lang='lat' dir='ltr'><strong>nostri</strong></span> <span class='ocrx_word' id='word_1_119' title='bbox 610 2281 669 2352; x_wconf 90' lang='lat' dir='ltr'><strong>isti</strong></span> <span class='ocrx_word' id='word_1_120' title='bbox 694 2280 938 2353; x_wconf 80' lang='lat' dir='ltr'><strong>comissatores</strong></span> <span class='ocrx_word' id='word_1_121' title='bbox 965 2279 1231 2377; x_wconf 82' lang='lat' dir='ltr'><strong>coniurationis,</strong></span> <span class='ocrx_word' id='word_1_122' title='bbox 1252 2279 1331 2354; x_wconf 85' lang='lat' dir='ltr'><strong>ba&#39;r·</strong></span> 
     </span>
     <span class='ocr_line' id='line_1_18' title="bbox 324 2399 1329 2504; baseline 0.001 -28"><span class='ocrx_word' id='word_1_123' title='bbox 324 2399 436 2476; x_wconf 87' lang='lat' dir='ltr'><strong>batuli</strong></span> <span class='ocrx_word' id='word_1_124' title='bbox 460 2405 604 2480; x_wconf 88' lang='lat' dir='ltr'><strong>iuvenes</strong></span> <span class='ocrx_word' id='word_1_125' title='bbox 615 2461 626 2504; x_wconf 93' lang='grc'>,</span> <span class='ocrx_word' id='word_1_126' title='bbox 650 2404 749 2477; x_wconf 94' lang='lat' dir='ltr'><strong>illum</strong></span> <span class='ocrx_word' id='word_1_127' title='bbox 773 2407 811 2476; x_wconf 92' lang='lat' dir='ltr'><strong>in</strong></span> <span class='ocrx_word' id='word_1_128' title='bbox 836 2404 1055 2479; x_wconf 89' lang='lat' dir='ltr'><strong>sermonibus</strong></span> <span class='ocrx_word' id='word_1_129' title='bbox 1085 2406 1244 2478; x_wconf 85' lang='lat' dir='ltr'><strong>Gnaeum</strong></span> <span class='ocrx_word' id='word_1_130' title='bbox 1270 2406 1329 2479; x_wconf 90' lang='lat' dir='ltr'><strong>Ci-</strong></span> 
     </span>
     <span class='ocr_line' id='line_1_19' title="bbox 324 2521 1329 2632; baseline 0.003 -33"><span class='ocrx_word' id='word_1_131' title='bbox 324 2553 487 2602; x_wconf 90' lang='lat' dir='ltr'><strong>ceronem</strong></span> <span class='ocrx_word' id='word_1_132' title='bbox 512 2529 697 2631; x_wconf 85' lang='lat' dir='ltr'><strong>appellent.</strong></span> <span class='ocrx_word' id='word_1_133' title='bbox 724 2532 848 2632; x_wconf 87' lang='lat' dir='ltr'><strong>Itaque</strong></span> <span class='ocrx_word' id='word_1_134' title='bbox 873 2521 910 2602; x_wconf 86' lang='lat' dir='ltr'><strong>et</strong></span> <span class='ocrx_word' id='word_1_135' title='bbox 932 2527 1042 2629; x_wconf 85' lang='lat' dir='ltr'><strong>ludis,</strong></span> <span class='ocrx_word' id='word_1_136' title='bbox 1069 2543 1105 2602; x_wconf 86' lang='lat' dir='ltr'><strong>et</strong></span> <span class='ocrx_word' id='word_1_137' title='bbox 1130 2528 1329 2628; x_wconf 85' lang='lat' dir='ltr'><strong>gladiatori-</strong></span> 
     </span>
     <span class='ocr_line' id='line_1_20' title="bbox 321 2650 1329 2756; baseline 0.004 -30"><span class='ocrx_word' id='word_1_138' title='bbox 321 2650 388 2726; x_wconf 87' lang='lat' dir='ltr'><strong>bus</strong></span> <span class='ocrx_word' id='word_1_139' title='bbox 404 2652 447 2753; x_wconf 75' lang='lat' dir='ltr'><strong>l⁵,</strong></span> <span class='ocrx_word' id='word_1_140' title='bbox 479 2654 655 2730; x_wconf 86' lang='lat' dir='ltr'><strong>mirandas</strong></span> <span class='ocrx_word' id='word_1_141' title='bbox 691 2656 911 2756; x_wconf 80' lang='grc' dir='ltr'>ἑπισημασίας,</span> <span class='ocrx_word' id='word_1_142' title='bbox 936 2656 1009 2728; x_wconf 89' lang='lat' dir='ltr'><strong>sine</strong></span> <span class='ocrx_word' id='word_1_143' title='bbox 1041 2651 1111 2730; x_wconf 86' lang='lat' dir='ltr'><strong>ulla</strong></span> <span class='ocrx_word' id='word_1_144' title='bbox 1136 2656 1329 2756; x_wconf 85' lang='lat' dir='ltr'><strong>pastoricia</strong></span> 
     </span>
     <span class='ocr_line' id='line_1_21' title="bbox 322 2777 768 2880; baseline 0.013 -31"><span class='ocrx_word' id='word_1_145' title='bbox 322 2777 436 2852; x_wconf 87' lang='lat' dir='ltr'><strong>fistula</strong></span> <span class='ocrx_word' id='word_1_146' title='bbox 452 2779 495 2880; x_wconf 76' lang='lat'><strong>4⁶,</strong></span> <span class='ocrx_word' id='word_1_147' title='bbox 521 2781 768 2875; x_wconf 81' lang='lat' dir='ltr'><strong>auferebamus.</strong></span> 
     </span>
    </p>

    <p class='ocr_par' dir='ltr' id='par_1_3' title="bbox 315 2903 1427 4012">
     <span class='ocr_line' id='line_1_22' title="bbox 372 2903 1325 3006; baseline -0.004 -30"><span class='ocrx_word' id='word_1_148' title='bbox 372 2929 393 3003; x_wconf 89' lang='lat'><strong>7</strong></span> <span class='ocrx_word' id='word_1_149' title='bbox 419 2904 522 2979; x_wconf 85' lang='lat' dir='ltr'><strong>Nunc</strong></span> <span class='ocrx_word' id='word_1_150' title='bbox 547 2921 601 2980; x_wconf 86' lang='lat' dir='ltr'><strong>est</strong></span> <span class='ocrx_word' id='word_1_151' title='bbox 624 2906 839 3006; x_wconf 87' lang='lat' dir='ltr'><strong>exspectatio</strong></span> <span class='ocrx_word' id='word_1_152' title='bbox 860 2905 1103 3003; x_wconf 87' lang='lat' dir='ltr'><strong>comitiorum,</strong></span> <span class='ocrx_word' id='word_1_153' title='bbox 1119 2903 1157 2978; x_wconf 86' lang='lat' dir='ltr'><strong>in</strong></span> <span class='ocrx_word' id='word_1_154' title='bbox 1182 2931 1273 3006; x_wconf 89' lang='lat' dir='ltr'><strong>quae</strong></span> <span class='ocrx_word' id='word_1_155' title='bbox 1292 2904 1325 2972; x_wconf 79' lang='lat' dir='ltr'><strong>lr</strong></span> 
     </span>
     <span class='ocr_line' id='line_1_23' title="bbox 320 3028 1332 3131; baseline 0.001 -33"><span class='ocrx_word' id='word_1_156' title='bbox 320 3028 483 3102; x_wconf 90' lang='lat' dir='ltr'><strong>omnibus</strong></span> <span class='ocrx_word' id='word_1_157' title='bbox 499 3031 618 3106; x_wconf 83' lang='lat' dir='ltr'><strong>invitis</strong></span> <span class='ocrx_word' id='word_1_158' title='bbox 634 3031 746 3106; x_wconf 89' lang='lat' dir='ltr'><strong>trudit</strong></span> <span class='ocrx_word' id='word_1_159' title='bbox 764 3043 884 3103; x_wconf 90' lang='lat' dir='ltr'><strong>noster</strong></span> <span class='ocrx_word' id='word_1_160' title='bbox 901 3031 1048 3129; x_wconf 88' lang='lat' dir='ltr'><strong>Magnus</strong></span> <span class='ocrx_word' id='word_1_161' title='bbox 1060 3029 1142 3104; x_wconf 91' lang='lat' dir='ltr'><strong>Auli</strong></span> <span class='ocrx_word' id='word_1_162' title='bbox 1158 3029 1332 3131; x_wconf 78' lang='lat' dir='ltr'><strong>filiuml⁸3</strong></span> 
     </span>
     <span class='ocr_line' id='line_1_24' title="bbox 321 3154 1330 3262; baseline 0.006 -38"><span class='ocrx_word' id='word_1_163' title='bbox 321 3164 425 3252; x_wconf 88' lang='lat' dir='ltr'><strong>atque</strong></span> <span class='ocrx_word' id='word_1_164' title='bbox 449 3154 486 3227; x_wconf 93' lang='lat' dir='ltr'><strong>in</strong></span> <span class='ocrx_word' id='word_1_165' title='bbox 511 3181 554 3229; x_wconf 90' lang='lat' dir='ltr'><strong>eo</strong></span> <span class='ocrx_word' id='word_1_166' title='bbox 579 3181 696 3262; x_wconf 90' lang='lat' dir='ltr'><strong>neque</strong></span> <span class='ocrx_word' id='word_1_167' title='bbox 722 3155 946 3255; x_wconf 78' lang='lat' dir='ltr'><strong>auctoritate,</strong></span> <span class='ocrx_word' id='word_1_168' title='bbox 980 3180 1094 3260; x_wconf 91' lang='lat' dir='ltr'><strong>neque</strong></span> <span class='ocrx_word' id='word_1_169' title='bbox 1126 3157 1234 3254; x_wconf 86' lang='lat' dir='ltr'><strong>gratia</strong></span> <span class='ocrx_word' id='word_1_170' title='bbox 1260 3183 1330 3256; x_wconf 91' lang='lat' dir='ltr'><strong>pu·</strong></span> 
     </span>
     <span class='ocr_line' id='line_1_25' title="bbox 319 3277 1328 3388; baseline 0.005 -40"><span class='ocrx_word' id='word_1_171' title='bbox 319 3289 419 3378; x_wconf 81' lang='lat' dir='ltr'><strong>gnat‚</strong></span> <span class='ocrx_word' id='word_1_172' title='bbox 444 3277 657 3388; x_wconf 68' lang='lat' dir='ltr'><strong>sedditibus</strong></span> <span class='ocrx_word' id='word_1_173' title='bbox 682 3281 872 3386; x_wconf 87' lang='lat' dir='ltr'><strong>Philippus</strong></span> <span class='ocrx_word' id='word_1_174' title='bbox 906 3281 1024 3355; x_wconf 86' lang='lat' dir='ltr'><strong>omnia</strong></span> <span class='ocrx_word' id='word_1_175' title='bbox 1050 3279 1191 3356; x_wconf 87' lang='lat' dir='ltr'><strong>castella</strong></span> <span class='ocrx_word' id='word_1_176' title='bbox 1217 3307 1328 3382; x_wconf 89' lang='lat' dir='ltr'><strong>expu-</strong></span> 
     </span>
     <span class='ocr_line' id='line_1_26' title="bbox 319 3403 1329 3512; baseline 0.004 -38"><span class='ocrx_word' id='word_1_177' title='bbox 319 3403 416 3501; x_wconf 84' lang='lat' dir='ltr'><strong>gnari</strong></span> <span class='ocrx_word' id='word_1_178' title='bbox 440 3429 543 3506; x_wconf 90' lang='lat' dir='ltr'><strong>posse</strong></span> <span class='ocrx_word' id='word_1_179' title='bbox 569 3407 726 3510; x_wconf 84' lang='lat' dir='ltr'><strong>dicebat,</strong></span> <span class='ocrx_word' id='word_1_180' title='bbox 762 3411 800 3485; x_wconf 91' lang='lat' dir='ltr'><strong>iu</strong></span> <span class='ocrx_word' id='word_1_181' title='bbox 835 3431 924 3512; x_wconf 88' lang='lat' dir='ltr'><strong>quae</strong></span> <span class='ocrx_word' id='word_1_182' title='bbox 951 3404 1059 3482; x_wconf 86' lang='lat' dir='ltr'><strong>modo</strong></span> <span class='ocrx_word' id='word_1_183' title='bbox 1088 3405 1212 3482; x_wconf 84' lang='lat' dir='ltr'><strong>asellus</strong></span> <span class='ocrx_word' id='word_1_184' title='bbox 1238 3433 1329 3480; x_wconf 91' lang='lat' dir='ltr'><strong>onu-</strong></span> 
     </span>
     <span class='ocr_line' id='line_1_27' title="bbox 317 3531 1329 3634; baseline 0.004 -34"><span class='ocrx_word' id='word_1_185' title='bbox 317 3540 391 3603; x_wconf 81' lang='lat' dir='ltr'><strong>stus</strong></span> <span class='ocrx_word' id='word_1_186' title='bbox 417 3555 501 3605; x_wconf 88' lang='lat' dir='ltr'><strong>auro</strong></span> <span class='ocrx_word' id='word_1_187' title='bbox 525 3549 647 3634; x_wconf 90' lang='lat' dir='ltr'><strong>posset</strong></span> <span class='ocrx_word' id='word_1_188' title='bbox 673 3534 875 3612; x_wconf 84' lang='lat' dir='ltr'><strong>ascendero.</strong></span> <span class='ocrx_word' id='word_1_189' title='bbox 901 3531 1034 3608; x_wconf 88' lang='lat' dir='ltr'><strong>consul</strong></span> <span class='ocrx_word' id='word_1_190' title='bbox 1059 3546 1176 3609; x_wconf 83' lang='lat' dir='ltr'><strong>autem</strong></span> <span class='ocrx_word' id='word_1_191' title='bbox 1200 3531 1258 3607; x_wconf 89' lang='lat' dir='ltr'><strong>ille</strong></span> <span class='ocrx_word' id='word_1_192' title='bbox 1275 3532 1329 3632; x_wconf 80' lang='grc'><strong>49,</strong></span> 
     </span>
     <span class='ocr_line' id='line_1_28' title="bbox 315 3652 1329 3758; baseline -0.007 -18"><span class='ocrx_word' id='word_1_193' title='bbox 315 3652 515 3739; x_wconf 86' lang='lat' dir='ltr'><strong>Doterionis</strong></span> <span class='ocrx_word' id='word_1_194' title='bbox 540 3659 718 3738; x_wconf 84' lang='lat' dir='ltr'><strong>histrionis</strong></span> <span class='ocrx_word' id='word_1_195' title='bbox 748 3657 895 3757; x_wconf 81' lang='lat' dir='ltr'><strong>similis,</strong></span> <span class='ocrx_word' id='word_1_196' title='bbox 927 3658 1118 3758; x_wconf 85' lang='lat' dir='ltr'><strong>suscepisse</strong></span> <span class='ocrx_word' id='word_1_197' title='bbox 1142 3658 1329 3758; x_wconf 83' lang='lat' dir='ltr'><strong>negotium</strong></span> 
     </span>
     <span class='ocr_line' id='line_1_29' title="bbox 317 3775 1328 3885; baseline 0.008 -33"><span class='ocrx_word' id='word_1_198' title='bbox 317 3775 459 3881; x_wconf 82' lang='lat' dir='ltr'><strong>dicitur,</strong></span> <span class='ocrx_word' id='word_1_199' title='bbox 484 3798 521 3855; x_wconf 91' lang='lat' dir='ltr'><strong>et</strong></span> <span class='ocrx_word' id='word_1_200' title='bbox 546 3785 644 3859; x_wconf 88' lang='lat' dir='ltr'><strong>domi</strong></span> <span class='ocrx_word' id='word_1_201' title='bbox 669 3785 843 3861; x_wconf 87' lang='lat' dir='ltr'><strong>divisores</strong></span> <span class='ocrx_word' id='word_1_202' title='bbox 870 3780 1019 3882; x_wconf 77' lang='lat' dir='ltr'><strong>habere3</strong></span> <span class='ocrx_word' id='word_1_203' title='bbox 1037 3783 1133 3885; x_wconf 93' lang='lat' dir='ltr'><strong>quod</strong></span> <span class='ocrx_word' id='word_1_204' title='bbox 1157 3809 1223 3882; x_wconf 84' lang='lat' dir='ltr'><strong>ego</strong></span> <span class='ocrx_word' id='word_1_205' title='bbox 1246 3807 1328 3860; x_wconf 84' lang='lat' dir='ltr'><strong>non</strong></span> 
     </span>
     <span class='ocr_line' id='line_1_30' title="bbox 316 3905 1427 4012; baseline 0.007 -33"><span class='ocrx_word' id='word_1_206' title='bbox 316 3905 430 3984; x_wconf 86' lang='lat' dir='ltr'><strong>credo.</strong></span> <span class='ocrx_word' id='word_1_207' title='bbox 457 3909 527 3988; x_wconf 85' lang='lat' dir='ltr'><strong>Sed</strong></span> <span class='ocrx_word' id='word_1_208' title='bbox 551 3926 691 3990; x_wconf 89' lang='lat' dir='ltr'><strong>scuatus</strong></span> <span class='ocrx_word' id='word_1_209' title='bbox 717 3908 875 3986; x_wconf 85' lang='lat' dir='ltr'><strong>consulta</strong></span> <span class='ocrx_word' id='word_1_210' title='bbox 908 3906 979 3984; x_wconf 88' lang='lat' dir='ltr'><strong>duo</strong></span> <span class='ocrx_word' id='word_1_211' title='bbox 1005 3909 1074 3986; x_wconf 89' lang='lat' dir='ltr'><strong>iam</strong></span> <span class='ocrx_word' id='word_1_212' title='bbox 1100 3910 1190 3988; x_wconf 86' lang='lat' dir='ltr'><strong>sacta</strong></span> <span class='ocrx_word' id='word_1_213' title='bbox 1216 3924 1303 3986; x_wconf 90' lang='lat' dir='ltr'><strong>suut</strong></span> <span class='ocrx_word' id='word_1_214' title='bbox 1316 3965 1327 4012; x_wconf 84' lang='grc'>,</span> <span class='ocrx_word' id='word_1_215' title='bbox 1426 3939 1427 3948; x_wconf 55' lang='grc'><strong>“</strong></span> 
     </span>
    </p>
   </div>
   <div class='ocr_carea' id='block_1_2' title="bbox 0 0 1446 5002">
    <p class='ocr_par' dir='ltr' id='par_1_4' title="bbox 0 0 1446 5002">
     <span class='ocr_line' id='line_1_31' title="bbox 0 0 1446 5002; baseline 0 4"><span class='ocrx_word' id='word_1_216' title='bbox 0 0 1446 5002; x_wconf 95' lang='lat' dir='ltr'><strong> </strong></span> 
     </span>
    </p>
   </div>
  </div>
 </body>
</html>
