2886 5000
321 406 391 480 230
654 422 822 472 rersrom
846 425 969 472 xxxin.
1092 424 1122 470 s.
1141 427 1173 472 v.
1192 424 1288 492 essu

318 529 499 633 spondisti.
525 528 578 602 De
603 525 784 601 Amalthea
816 525 913 638 quod
944 551 1000 598 me
1024 524 1212 626 admones,
1238 552 1311 602 non

317 654 536 756 negligemus.
563 655 673 754 Cura,
696 665 738 727 ut
761 651 887 727 valeas.

724 902 900 978 XXXIV.
1063 946 1119 1004 <ns
1135 947 1187 994 ms
1201 947 1242 1008 11,
1257 949 1293 1006 o)

318 1083 537 1163 Argumentum.
567 1101 578 1142 r
604 1082 750 1142 Amissum
778 1082 868 1142 strici
899 1077 1057 1163 epistolem
1089 1083 1250 1162 queritur,
1285 1093 1316 1142 et

360 1189 434 1270 quid
454 1186 548 1250 Curio
574 1189 757 1261 narraverit,
784 1187 889 1262 relem3
909 1206 928 1247 a
948 1189 1054 1248 itinera
1082 1208 1137 1270 per
1162 1188 1265 1262 villes,
1286 1201 1315 1250 et

363 1293 473 1376 quibus
491 1293 598 1356 diebus
618 1295 670 1356 ubi
691 1295 812 1356 fumeus
833 1295 883 1368 sit,
903 1292 1023 1355 indicet.
1043 1301 1048 1314 ’

382 1501 436 1554 Ser.
452 1503 480 1554 in
496 1500 557 1556 ville
573 1516 655 1571 prope
672 1499 777 1552 Aulium
795 1499 825 1551 A.
844 1498 876 1551 V.
895 1498 925 1554 C.
942 1497 1089 1564 DCXClV,
1106 1515 1173 1552 men.
1191 1499 1254 1570 Apr.

630 1695 775 1761 CICERO
798 1693 949 1761 ATTICO
973 1695 1003 1758 S.

376 1939 387 1984 ι
417 1909 615 2011 Epistolum
640 1935 747 2010 quum
772 1935 792 1981 a
818 1922 853 1980 te
880 1907 983 1982 avide
1007 1920 1245 2010 exspectarem
1269 1909 1316 1986 ad

320 2050 520 2137 vesperum,
544 2048 585 2108 ut
609 2033 722 2108 soleo:
746 2059 827 2108 ecce
845 2033 909 2108 tibi
925 2034 1086 2130 nuntius,
1111 2061 1240 2135 pueros
1256 2063 1316 2112 ve·

319 2161 414 2235 nisse·
428 2163 548 2234 Roma.
566 2160 679 2258 Voco,
696 2184 835 2260 quaero,
851 2158 979 2260 ecquid
987 2150 1198 2262 literarum?
1212 2175 1225 2216 ⁸
1242 2162 1316 2236 Ne-

320 2301 411 2386 gant.
445 2285 541 2378 Quid
567 2286 623 2358 'ais
635 2327 646 2385 9
676 2280 838 2386 inspersum,
870 2283 1001 2357 nihilne
1036 2311 1055 2356 a
1088 2286 1317 2386 Pomponio?

318 2401 497 2487 Perterriti
528 2421 616 2487 ioc'e
649 2411 684 2483 et
708 2409 825 2510 vultu,
857 2393 1118 2483 confessisunt
1143 2437 1180 2484 se
1214 2439 1315 2486 acce·
1433 2421 1434 2454 ³

319 2537 427 2638 pisse,
443 2537 507 2610 sed
531 2535 698 2612 excidisse
722 2534 760 2609 in
784 2536 849 2611 via.
875 2535 972 2628 Quid
990 2535 1147 2637 quaeris?
1172 2539 1317 2611 Permo-

95 2685 99 2694 ·
126 2637 128 2646 s
156 2689 187 2700 ⁴·
319 2659 406 2738 leste
431 2664 504 2737 tuli.
529 2661 632 2738 Nulla
657 2661 751 2736 enim
776 2659 891 2736 abste
910 2659 1057 2762 perhos
1076 2662 1319 2763 diesepistola

318 2788 431 2864 inanis
457 2788 571 2891 aliqua
596 2816 634 2863 re
667 2788 743 2862 utili
767 2802 811 2871 et¹
834 2788 932 2880 suavi
957 2800 1109 2862 veneral„
1141 2788 1262 2888 Nunc,
1287 2789 1320 2862 si

186 3013 192 3022 ‚
319 2913 406 3012 quid
437 2914 474 2986 in
506 2940 547 2988 ee
578 2913 749 3015 epistola,
782 2939 888 3015 quam
919 2926 1001 2986 aule
1028 2912 1121 2986 diem
1145 2939 1207 2988 xvr
1235 2913 1325 2992 Kal..

319 3037 428 3110 Maias
454 3037 597 3138 dedisti,
620 3033 686 3113 fisis
701 3037 843 3114 historia
863 3038 1008 3136 dignum
1021 3054 1048 3137 ²,
1065 3035 1177 3112 scribe
1196 3063 1322 3139 quam-

318 3162 487 3263 primum,
510 3190 555 3237 ne
579 3165 791 3263 ignoremus:
817 3166 871 3237 sin
895 3163 981 3236 nihil
1005 3177 1145 3262 praeter
1168 3164 1322 3236 iocatio-

317 3311 415 3387 nem,
439 3288 548 3364 redde
579 3289 618 3364 id
647 3291 772 3390 ipsum.
804 3293 853 3366 Et
884 3291 973 3363 scito
1008 3290 1198 3363 Curionem
1232 3289 1321 3363 ado-

316 3410 507 3487 lescentem
531 3415 666 3489 venisse
699 3414 745 3488 ad
775 3441 833 3489 me
864 3404 1060 3488 salutatum.
1093 3413 1208 3488 Valde
1240 3415 1322 3488 eius

316 3561 431 3610 senno
450 3538 493 3610 de
509 3538 634 3616 Publio
649 3542 663 3590 ³
681 3559 762 3615 eum
778 3539 847 3644 tuis
862 3539 971 3613 literis
993 3537 1216 3639 congruebat„
1234 3541 1322 3640 Ipse

316 3686 400 3736 vero
425 3663 622 3740 mirandum
646 3668 684 3740 in
706 3666 853 3742 modum
877 3689 972 3766 reges
995 3668 1110 3740 odisse
1127 3663 1323 3768 superbos.

315 3786 494 3890 Peraeque
517 3793 683 3866 narrabat
707 3794 885 3868 incensam
911 3779 1235 3891 esseiuventutem,
1255 3818 1325 3866 ne·

315 3937 382 4009 que
407 3913 494 3988 serre
518 3915 606 3992 haec
631 3943 744 4020 posse.
769 3919 864 3994 Bene
889 3916 1092 3994 lrabemusl
1117 3943 1199 4017 nos,
1224 3918 1256 3990 si
1280 3919 1322 3990 in
