2932 5000
327 389 400 486 l⁰¹i
688 403 959 456 innocencius

327 513 347 572 8
370 511 464 575 Vim
490 511 565 570 vocis
592 507 738 568 maiorem
764 525 828 568 esse
854 508 932 578 vim,
960 523 1053 586 mam
1080 513 1235 596 mutarum
1264 503 1332 564 lite-

367 605 486 678 rarum(

327 747 348 806 9
367 723 497 786 Videtur
510 741 621 782 nomen
633 719 765 781 hominis
779 717 938 790 excidisse,
953 717 1036 799 quod
1049 719 1080 776 in
1094 717 1219 799 singulis
1233 738 1332 778 mem-

366 828 430 888 bris
450 838 502 888 est.
523 829 630 908 Itaque
649 847 705 886 nec
726 826 796 886 satis
816 822 942 905 intelligi
960 834 1074 906 potest,
1095 844 1172 904 quae
1186 825 1225 884 sit
1238 825 1337 882 rumi-

366 937 450 998 natio
471 933 655 1015 quotidiana.
676 931 749 992 Em.
771 930 819 990 De
840 931 918 990 lituis
935 935 1084 1010 Βώοπιδος,
1105 929 1230 990 Clodiae
1244 928 1337 988 Publ.

369 1040 467 1100 Clodii
493 1041 619 1110 sororis,
640 1059 718 1120 quae
743 1049 890 1117 tanquam
919 1037 1010 1096 lituus
1038 1035 1163 1097 fratrem
1192 1035 1234 1095 ad
1262 1057 1337 1096 con-

368 1151 515 1208 tentiones
536 1148 685 1206 exeitaret.
705 1145 787 1222 Erat
801 1146 884 1204 enim
905 1142 1061 1215 seditiosa,
1081 1162 1128 1223 ep.
1153 1142 1280 1214 XXVI,
1307 1142 1340 1218 4.

369 1254 419 1313 De
431 1251 564 1334 signffero
578 1252 757 1322 Athenione,
776 1249 916 1330 intelligit
929 1248 995 1308 Sex.
1014 1246 1172 1324 Clodium3
1193 1245 1256 1307 vid.
1271 1245 1337 1306 lnd.

370 1359 446 1420 Hist.
469 1359 588 1418 Selritz.
610 1357 658 1416 De
671 1357 695 1439 21.
709 1357 801 1418 missis
814 1355 856 1416 ad
871 1354 1021 1428 Gnaeum,
1032 1357 1085 1436 qui
1108 1353 1233 1436 Capuae
1255 1364 1336 1425 erat,

370 1487 417 1547 ep.
438 1464 543 1536 XLV,
564 1484 591 1524 2.

335 1591 370 1630 io
391 1570 441 1630 Sic
459 1570 615 1632 Victorius
643 1590 677 1629 ex
704 1589 759 1628 suo
787 1567 872 1640 cod,
897 1567 990 1649 idque
1017 1566 1201 1627 confirmant
1227 1566 1280 1626 illa
1306 1568 1338 1625 in

371 1698 418 1759 ep.
443 1677 518 1750 XL,
544 1697 572 1735 2.
602 1675 685 1735 Olim
712 1675 844 1736 conviviis
872 1676 928 1736 tuis
947 1673 1116 1744 Ἀστυάγους·
1145 1674 1339 1734 Praesentem

371 1781 492 1856 uredine,
513 1781 590 1853 scil,
612 1794 647 1841 te.

337 1907 366 1946 11
391 1887 560 1958 Nimirum,
580 1886 617 1946 de
637 1886 841 1968 geographia,
870 1907 917 1968 ep.
938 1886 1093 1956 XXXIII,
1119 1908 1142 1946 1.
1166 1860 1343 1960 Desederit,

371 1991 490 2072 elegans
509 2003 634 2074 tropus,
661 1995 713 2072 qui
738 1993 904 2074 opponitur
931 1994 1074 2052 materiae
1087 1991 1277 2072 fluctuanti,
1304 2005 1340 2053 ut
1454 1967 1455 2010 1

372 2099 433 2157 iam
453 2097 529 2157 vidit
548 2097 713 2158 Ernestius.
740 2099 813 2158 Mss.
837 2098 985 2158 fluctuant
1009 2100 1087 2158 iuter
1113 2089 1284 2170 desederit,
1309 2108 1340 2159 et

371 2204 538 2281 decesserit3
560 2205 718 2265 lectionem
738 2203 872 2265 firmavit
892 2205 1049 2265 Graevius.
1068 2203 1169 2284 Magis
1189 2217 1279 2264 erunt
1298 2206 1341 2263 iu-
1454 2253 1455 2276 ,

372 2308 472 2368 cunda
492 2309 586 2369 edidit
605 2308 716 2369 Schiitz
729 2330 786 2390 pro
800 2311 924 2391 vulgato
939 2333 977 2369 m.
990 2332 1014 2370 e·
1028 2309 1173 2381 andnam
1194 2311 1283 2391 quod
1295 2313 1340 2369 ni-

373 2418 431 2474 mis
451 2414 490 2473 ab
510 2414 651 2475 inchoata
670 2414 851 2499 methapora
871 2415 1039 2478 recedebat.
1060 2416 1095 2476 ld
1116 2416 1191 2477 olim
1205 2417 1342 2498 placuit,
1454 2435 1455 2440 ’

373 2541 454 2584 nune
481 2520 568 2580 aliter
599 2532 651 2581 cst.
679 2519 820 2582 Iudz'eeta
851 2523 932 2582 idem
964 2535 1008 2584 est
1035 2544 1070 2588 ac
1096 2521 1246 2595 discreta,
1276 2543 1339 2606 quo

374 2647 461 2686 sensu
482 2626 556 2688 dixit
577 2627 667 2688 Hom.
688 2627 772 2688 lliad.
793 2630 818 2682 Ψ
846 2630 917 2711 239:

506 2783 607 2836 Ὀστὲα
627 2785 836 2859 Πατρόκλοιο-
850 2785 967 2857 λέγωμεν
1077 2789 1079 2792 ’

505 2869 543 2936 Eis
567 2873 799 2949 διαγινώσκοντες·
818 2876 963 2957 ἀριφραδέα
980 2878 1011 2934 di
1028 2879 1164 2934 τέτυκται.

507 3023 570 3076 Ossa
587 3025 700 3080 Patrocli
711 3052 745 3069 -
758 3029 869 3096 legamus

506 3117 575 3170 Bene
592 3118 780 3191 discementes3
799 3123 903 3190 cognitu
916 3153 948 3164 -
961 3123 1043 3174 facilia
1062 3123 1130 3174 enim
1148 3130 1219 3174 sunt.

374 3259 511 3320 Persistit
521 3262 621 3323 adhuc
633 3267 664 3324 in
676 3267 869 3350 methapora‚
884 3290 979 3350 quum
992 3271 1063 3329 vino
1077 3267 1194 3348 quuido
1208 3266 1343 3328 discerni

373 3367 506 3448 possint,
526 3388 603 3448 quae
623 3373 656 3430 in
679 3373 775 3433 fundo
802 3377 868 3434 sint.
890 3377 920 3435 A
947 3397 992 3434 me
1005 3373 1104 3456 serre,
1125 3374 1187 3434 scil.
1208 3372 1344 3448 habere,

375 3471 499 3532 fortasse
519 3472 579 3532 Cic.
603 3478 721 3559 scripsit
739 3478 863 3561 areferre.

320 3619 322 3626 ι
340 3595 374 3638 12
396 3576 446 3636 Sic
467 3576 538 3637 libb.
567 3579 697 3663 Poggii,
717 3585 843 3661 Fae'rni,
864 3587 978 3648 Malleii
999 3586 1077 3656 duo,
1097 3585 1283 3666 ,Memmiani
1313 3595 1343 3644 et

375 3683 421 3742 ed.
444 3683 547 3757 Rom,
569 3688 651 3766 quod
670 3690 770 3771 placet
789 3693 974 3775 Malaspinae
990 3704 1019 3753 et
1033 3691 1127 3752 edidit
1140 3691 1250 3754 Graev.
1273 3688 1342 3750 Ob·

376 3788 495 3849 eenisset
514 3795 625 3872 estqui
646 3816 717 3855 casu
731 3801 915 3860 occurrisset.
941 3799 1043 3879 Vulgo
1063 3798 1177 3858 obviam
1197 3796 1344 3867 venisset,

376 3893 406 3959 h.
434 3916 470 3968 e„
487 3895 587 3959 dedita
615 3919 708 3988 opera
734 3906 919 3970 occurrisset
951 3906 1022 3968 Mox
1046 3902 1193 3968 delectata
1219 3913 1263 3962 est
1292 3922 1345 3964 re-
